1890 2826
97 391 119 406 2.
134 384 193 405 l'im.
212 383 236 405 3.

96 936 189 958 Aen-20.
195 936 230 959 26.

121 1221 201 1241 Paulus
208 1221 236 1241 de

95 1259 236 1279 posterorum

92 1283 207 1304 animabus

94 1314 210 1335 sollicitus.

97 1343 234 1366 Ac1.zo.28.

101 1546 170 1566 llebr.
185 1544 220 1567 13.

98 1583 132 1605 ¹7·

95 1726 147 1746 Act,
156 1724 236 1748 20.28·

99 2095 161 2117 lbid.
169 2102 189 2116 v.
200 2100 240 2124 ²9·

254 165 324 201 336

288 240 333 275 5.ἶ
341 238 471 269 Vidistin’
483 237 667 277 apostolorum
680 236 890 269 sollicitudinem
900 237 914 266 ἶ)
926 248 993 276 quo-

249 286 329 316 modo
344 296 429 315 unum
448 284 501 314 sint
519 284 641 324 corpus?
655 283 776 314 vidistin’
795 295 850 323 quo
874 291 952 325 pacto
966 291 993 314 et

249 343 298 372 pro
317 331 492 372 praesentibus
512 337 538 359 et
557 340 606 369 pro
629 330 729 360 futuris
754 330 858 361 timeret
877 330 992 360 Petrus?

249 378 295 408 Sic
313 378 394 407 etiam
418 377 528 407 Paulus.
548 377 720 416 Quapropter
743 376 849 406 dicebat
868 389 875 405 ι
897 377 990 406 Scito-

250 431 292 461 te,
311 425 392 464 quod
407 426 439 452 in
453 423 617 452 novissimis
637 422 738 452 diebus
757 429 842 451 erunt
862 429 992 462 tempora

247 469 495 510 gravia.1dipsum
517 469 573 509 agit
595 475 622 497 et
640 468 718 498 alibi.
732 468 849 506 Quando
869 470 941 498 enim
956 480 991 499 ex

249 517 311 546 Asia
331 516 497 546 discessurus
520 522 591 552 erat,
607 521 633 544 et
657 512 773 544 Romam
796 515 989 557 deportandus,

247 563 364 602 indeque
384 562 411 591 in
437 562 534 592 caelum
557 561 756 591 transferendus
771 573 779 590 .·
795 573 868 592 mors
890 563 992 603 quippe

246 616 399 638 sanctorum
419 618 492 637 mors
516 617 569 636 non
592 615 641 644 est,
661 606 708 637 sed
725 608 862 638 translatio
885 619 900 637 a
921 615 990 638 terra

247 656 274 684 in
297 655 404 692 caelum,
417 665 432 683 a
445 653 624 684 deterioribus
647 653 684 683 ad
709 653 831 689 meliora,
847 665 862 683 a
885 665 988 684 conser-

246 703 289 732 vis
313 701 347 730 ad
372 701 534 737 Dominum,
558 700 592 730 ab
615 699 770 729 hominibus
791 699 828 729 ad
852 701 961 740 angelos
981 714 986 730 :

247 749 310 787 quia
333 747 418 788 igitur
439 747 561 776 abiturus
578 752 636 776 erat
653 745 687 775 ad
706 746 827 775 omnium
841 747 989 776 Dominum

247 795 354 831 Deum,
370 794 460 823 omnia
482 803 542 832 quae
561 791 597 821 ad
617 791 707 832 ipsum
726 792 894 831 pertinebant
907 793 990 832 probe

245 840 421 880 dispensavit.
437 839 544 869 Etenim
565 845 666 878 quanto
687 845 808 878 tempore
827 849 889 868 cum
905 838 990 868 disci-

246 887 319 927 pulis
332 887 399 924 suit,
413 896 476 915 cum
498 885 572 914 omni
594 884 736 924 diligentia
755 883 904 913 doctrinam
925 884 991 924 ipsis

245 932 411 972 impertivit,
425 943 456 961 ac
480 930 552 960 dixit
565 942 573 959 t
586 931 717 960 Mundus
739 940 803 960 sum
817 940 837 958 a
849 932 992 970 sanguine

246 980 389 1014 omnium5
402 977 525 1016 nihilque
536 975 703 1016 praetermisi,
714 975 814 1014 inquit,
827 986 921 1004 eorum
931 986 991 1015 quae

248 1024 283 1054 ad
305 1025 418 1053 salutem
442 1021 652 1052 administranda
674 1029 759 1052 erant.
785 1021 861 1059 Quid
886 1021 991 1061 igitur?

246 1078 389 1111 postquam
401 1081 449 1099 sua
464 1070 491 1098 in
512 1076 570 1098 tuto
591 1068 779 1106 collocaverat,
795 1079 858 1098 cnm
872 1068 991 1098 accusari

247 1127 261 1145 a
275 1116 392 1145 Domino
404 1126 456 1145 non
472 1121 569 1155 posset,
585 1114 656 1143 circa
672 1125 703 1143 ea
725 1125 785 1153 quae
804 1114 840 1143 ad
861 1114 922 1144 vitae
936 1125 991 1144 suae

246 1170 352 1203 tempus
365 1162 542 1202 pertinebant,
558 1171 591 1189 an
603 1160 722 1199 neglexit
733 1161 836 1189 animas
847 1167 908 1200 post
920 1161 992 1190 futu-

598 175 614 199 S
620 191 629 200 .
656 175 795 200 Jomms
820 175 1004 198 CHRYSOST.

1034 175 1189 200 Ancmm’.
1217 177 1484 200 CONSTANTINOP-

1086 233 1162 271 Ιῖἶδες
1183 240 1235 268 τῶν
1256 237 1411 268 ἀποστόλων
1437 237 1487 273 τὴν
1514 238 1687 277 κηδεμονίαν;
1711 241 1768 272 πῶς
1789 238 1816 268 ἓν

1046 284 1124 322 σῶμά
1130 286 1209 320 εἷσιν;
1218 280 1284 318 εἶδες
1291 286 1348 318 πῶς
1354 284 1399 314 καὶ
1409 283 1477 324 ὑπὲρ
1485 286 1537 314 τῶν
1547 284 1684 325 παρόντων
1693 285 1738 314 καὶ
1749 285 1817 325 ὑπὲρ

1045 331 1097 359 τῶν
1113 330 1262 369 μελλόντων
1272 330 1399 360 ἐδεδοίκει
1411 333 1425 360 ὁ
1439 330 1554 370 Πέτρος;
1566 331 1648 360 Οὕτω
1657 331 1703 361 καὶ
1716 334 1731 360 ὁ
1744 332 1818 360 Παῦ-

1043 376 1097 410 λος.
1115 376 1164 406 Διὸ
1175 376 1250 416 ἔλεγε
1259 389 1266 396 ·
1281 377 1445 414 Γινώσκετε,
1460 376 1501 406 ὅτι
1514 378 1541 406 ἐν
1565 377 1691 417 ἐσχάταις
1703 378 1817 418 ἡμέραις

1044 422 1215 459 ἐνστήσονται
1228 425 1315 463 καιροὶ
1332 423 1458 463 χαλεποί.
1475 423 1532 452 Καὶ
1555 424 1673 463 ἀλλαχοῦ
1694 423 1722 453 δὲ
1739 427 1817 453 τοῦτο

1043 472 1113 497 ποιεῖ
1126 468 1215 498 πάλιν.
1231 468 1342 505 Ἐπειδὴ
1363 468 1414 509 γὰρ
1433 469 1529 508 ἔμελλε
1550 469 1645 499 λοιπὸν
1656 469 1816 510 ἀφίστασθαι

1043 515 1091 549 τῆς
1102 513 1189 548 Ἀσίας
1197 535 1205 550 ,
1217 514 1262 543 καὶ
1278 515 1323 544 ἐπὶ
1334 515 1383 551 τὴν
1394 514 1505 554 Ῥώμην
1519 515 1643 554 ἄγεσθαι,
1655 515 1700 545 καὶ
1718 517 1816 546 ἐκεῖθεν

1043 559 1087 588 ἐπὶ
1100 560 1144 589 τὸν
1159 560 1267 600 οὐρανὸν
1278 561 1425 600 ἀποδημεῖν
1437 573 1444 580 ·
1457 564 1471 591 ὁ
1485 561 1595 594 θάνατος
1607 561 1659 602 γὰρ
1669 563 1722 591 τῶν
1734 562 1815 601 ἁγίων

1042 606 1090 634 οὐκ
1104 605 1160 635 ἔστι
1182 606 1308 643 Θάνατος,
1323 607 1392 636 ἀλλὰ
1407 607 1569 646 μετάστασις
1583 608 1635 637 ἀπὸ
1655 610 1705 647 γ’ῆς
1719 609 1757 641 εἷς
1770 609 1815 637 οὔ-

1044 652 1129 692 ρανὸν,
1143 652 1197 682 ἀπὸ
1209 654 1263 682 τῶν
1277 652 1423 682 ἐλαττόνων
1438 655 1474 687 εἷς
1497 653 1531 682 τὰ
1558 653 1655 693 βελτίω
1665 677 1674 690 ,
1688 654 1742 683 ἀπὸ
1761 657 1814 684 τῶν

1042 698 1189 728 συνδούλων
1208 699 1252 728 ἐπὶ
1273 699 1318 728 τὸν
1343 699 1493 736 Δεσπότην,
1519 699 1572 728 ἀπὸ
1597 702 1650 729 τῶν
1672 700 1815 740 ἀνθρώπων

1041 745 1106 785 πρὸς
1119 746 1179 779 τοὺς
1198 745 1341 785 ἀγγέλους·
1353 746 1411 775 ἐπεὶ
1425 741 1470 775 οῧν
1493 746 1602 785 ἔμελλεν
1625 746 1731 775 ἀπιέναι
1751 746 1816 787 πρὸς

1039 791 1085 820 ’τὸν
1097 793 1150 820 τῶν
1161 791 1283 821 ἁπάντων
1297 791 1436 827 Δεσπότην
1450 791 1530 829 Θεὸν,
1544 792 1589 821 καὶ
1602 791 1636 821 τὰ
1649 793 1709 821 καθ’
1724 792 1816 822 ἑαυτὸν

1040 836 1128 866 πάντα
1149 838 1237 871 καλῶς
1261 837 1426 877 ᾠκονόμησε.
1447 837 1501 867 Καὶ
1527 838 1578 878 γὰρ
1599 838 1644 868 τὸν
1662 838 1765 878 χρόνον,
1787 839 1815 868 ὃν

1041 885 1121 918 συνῆν
1135 887 1189 916 τοῖς
1208 886 1336 923 μαθηταῖς
1345 904 1352 918 ,
1369 883 1438 922 μετὰ
1459 883 1548 919 πάσης
1561 883 1698 924 ἀκριὸείας
1711 884 1758 920 τὴν
1773 885 1815 913 δι-

1041 928 1186 958 δασκαλίαν
1202 930 1289 962 αὐτοῖς
1303 928 1449 969 παρέθετο,
1461 929 1507 958 καὶ
1522 928 1595 968 λέγει
1606 941 1613 948 ·
1627 930 1750 969 Καθαρὸς
1764 929 1815 969 ἐγὼ

1042 973 1095 1002 ἀπὸ
1108 976 1154 1003 τοῦ
1177 974 1288 1013 αἵματος
1299 974 1416 1010 πάντων,
1431 975 1476 1004 καὶ
1497 974 1571 1004 οῦδὲν
1591 975 1720 1010 ἐνέλιπον,
1735 975 1814 1015 φησὶ,

1042 1021 1094 1048 τῶν
1105 1020 1261 1060 ὀφειλόντων
1274 1023 1453 1061 εἰσενεχθῆναι
1463 1020 1529 1061 πρὸς
1543 1021 1687 1061 σωτηρίαν.
1702 1021 1738 1050 Τί
1752 1017 1814 1057 οῧν;

1042 1065 1134 1101 ἐπειδὴ
1148 1066 1182 1095 τὰ
1203 1068 1261 1096 καθ’
1275 1067 1368 1096 ἑαυτὸν
1381 1066 1564 1107 ἠσφαλίσατο,
1580 1067 1673 1103 ἐπειδὴ
1693 1068 1815 1106 ἐγκαλεῖ-

1042 1114 1103 1140 σθαι
1117 1113 1165 1141 οὖκ
1183 1112 1299 1151 ἤμελλεν
1311 1113 1364 1142 ἀπὸ
1377 1115 1422 1142 τοῦ
1443 1112 1579 1142 Δεσπότου
1601 1113 1668 1152 ὖπὲρ
1688 1114 1741 1142 τῶν
1755 1115 1814 1143 κατ’

1042 1157 1120 1187 αὐτὸν
1135 1158 1246 1197 χρόνων,
1260 1154 1311 1199 ἄρα
1324 1157 1443 1198 ἠμέλησε
1457 1161 1510 1188 τῶν
1527 1158 1595 1197 μετὰ
1608 1161 1692 1188 ταῦτα
1706 1160 1798 1199 ψυχῶν
1806 1172 1814 1196 ;

248 1209 310 1238 ras?
325 1210 500 1247 Nequaquam
516 1219 523 1236 z
538 1205 585 1235 sed
599 1206 675 1244 quasi
693 1205 728 1234 de
741 1206 799 1235 illis
814 1206 893 1235 etiam
907 1207 990 1235 ratio-
1007 1213 1025 1236 C
1042 1204 1192 1242 Οὐδαμῶς·
1207 1205 1267 1233 ἀλλ’
1286 1204 1377 1244 ὥσπερ
1402 1204 1505 1244 μέλλων
1526 1204 1572 1234 καὶ
1586 1205 1691 1234 ἐκείνων
1708 1205 1815 1239 εὐθύνας

248 1266 309 1284 nem
324 1255 453 1290 daturus,
468 1254 507 1283 sic
527 1260 553 1283 et
573 1253 622 1282 illa
643 1263 705 1282 cum
727 1253 800 1282 omni
823 1253 992 1283 accuratione

247 1301 318 1331 dixit
326 1302 376 1338 eis,
384 1301 486 1337 ethaeo,
495 1311 554 1339 quae
567 1301 624 1340 jam
639 1299 768 1338 legemus,
775 1300 857 1329 verba
867 1313 874 1329 z
884 1301 916 1329 A
919 1307 991 1329 tten-

247 1349 318 1385 dite,
334 1347 435 1387 inquit,
447 1349 532 1377 vobis
547 1348 614 1386 Ipsis
629 1351 657 1375 et
676 1347 812 1375 universo
829 1349 920 1387 gregi.
937 1346 990 1376 Vi-

246 1395 338 1425 distin⁷
352 1401 481 1434 quantum
506 1394 617 1423 illorum
641 1391 825 1422 sollicitudine
850 1392 992 1423 devinctus

246 1442 334 1471 esset?
358 1443 429 1472 Nam
456 1440 557 1480 singuli
582 1447 704 1470 nostrum
728 1449 788 1478 quae
800 1451 848 1469 sua
858 1447 921 1470 sunt
945 1451 992 1469 cu-

248 1496 318 1527 rant,
333 1489 380 1518 ille
391 1499 456 1519 vero
469 1488 628 1529 praepositus
647 1498 707 1527 quae
728 1487 763 1517 ad
780 1498 871 1517 omnes
885 1495 989 1528 specta—

247 1535 322 1564 bant.
338 1535 519 1572 Quamobrem
537 1534 572 1563 de
591 1533 748 1564 doctoribus
768 1535 826 1563 ait:
845 1534 904 1572 Qui
916 1536 992 1574 vigi-

249 1581 314 1611 lant
323 1592 410 1621 super
418 1582 534 1610 animas
543 1587 668 1617 vestras,
678 1582 763 1620 quasi
773 1582 916 1609 rationem
926 1581 991 1609 red-

248 1629 347 1657 dituri.
369 1626 552 1658 Formidabile
574 1637 668 1656 revera
683 1626 839 1666 judicium,
855 1637 918 1655 cum
939 1637 991 1666 pro

247 1682 302 1704 tam
313 1675 414 1715 ingenti
426 1674 527 1714 populo
544 1674 659 1703 rationes
671 1681 735 1703 sunt
747 1673 890 1703 reddendae
906 1686 912 1702 ε
930 1674 988 1711 sed,

249 1728 278 1750 ut
299 1720 434 1756 dicebam,
450 1720 515 1759 ipsis
539 1719 631 1748 accitis
651 1719 708 1748 ait:
726 1719 885 1749 Attendite
906 1722 991 1749 vobis

1040 1249 1168 1288 ὑπέχειν,
1195 1250 1277 1283 οὕτως
1305 1252 1415 1279 κάκεῖνα
1434 1249 1502 1289 μετὰ
1524 1250 1613 1286 πάσης
1636 1251 1723 1284 αὐτοῖς
1743 1250 1815 1290 λέγει

1040 1297 1088 1330 τῆς
1110 1295 1260 1335 ἀκριὸείας,
1275 1296 1319 1325 καὶ
1342 1296 1410 1325 αὐτὰ
1425 1296 1442 1325 ἃ
1462 1296 1543 1325 πάλιν
1565 1296 1758 1336 ἀναγνώσωμεν
1780 1297 1815 1326 τὰ

1042 1341 1158 1380 ῥήματα·
1180 1342 1207 1370 Π
1224 1341 1348 1381 οσέχετε,
1372 1341 1461 1381 φησὶν,
1482 1343 1584 1375 ἑαυτοῖς
1608 1342 1653 1371 καὶ
1674 1341 1754 1371 παντὶ
1777 1344 1815 1382 τῷ

1041 1385 1165 1425 ποιμνίῳ.
1181 1353 1257 1418 Ε’ίδες
1272 1388 1329 1418 πῶς
1340 1382 1373 1422 ἦν
1387 1386 1571 1425 συνδεδεμένος
1591 1388 1678 1416 αὐτῶν
1691 1389 1725 1426 τῇ
1738 1398 1815 1426 φρον-

1041 1430 1110 1467 τίδι;
1120 1430 1215 1470 Ἥμῶν
1236 1431 1283 1470 μὲν
1296 1431 1347 1471 γὰρ
1372 1431 1482 1464 ἕκαστος
1505 1431 1539 1460 τὰ
1567 1433 1625 1461 καθ’
1651 1432 1743 1461 ἑαυτὸν
1767 1445 1813 1471 με-

1043 1481 1136 1516 ριμνᾷ,
1148 1478 1162 1505 ὁ
1176 1477 1204 1506 δὲ
1217 1476 1352 1517 προεστὼς
1369 1476 1403 1505 τὰ
1417 1476 1532 1506 πάντων.
1547 1476 1595 1506 Διό
1606 1489 1671 1517 φησι
1685 1478 1747 1517 περὶ
1762 1479 1815 1507 τῶν

1043 1522 1222 1552 διδασκάλων·
1237 1522 1342 1556 Οἵτινες
1358 1524 1535 1562 ἀγρυπνοῦσιν
1554 1522 1622 1563 ὑπὲρ
1645 1525 1697 1552 τῶν
1722 1525 1815 1564 ψυχῶν

1042 1569 1130 1606 ἡμῶν,
1144 1570 1181 1601 ὡς
1199 1568 1277 1607 λόγον
1301 1568 1492 1602 ἀποδώσοντες.
1516 1568 1639 1608 (1)οὸερὸν
1665 1569 1746 1603 ὄντως
1767 1570 1816 1599 ’τὸ

1043 1615 1203 1654 κρυπτήριον
1219 1614 1285 1655 ὑπὲρ
1299 1614 1423 1644 τοσούτου
1445 1614 1530 1654 δήμου
1553 1615 1601 1648 τὰς
1623 1615 1731 1649 εὐθύνας
1754 1616 1815 1645 ὑπέ-

1041 1672 1099 1700 χειν
1109 1673 1115 1680 ·
1126 1662 1196 1698 ἀλλ’,
1210 1661 1275 1700 ὅπερ
1289 1661 1387 1700 ἔλεγον,
1402 1661 1515 1694 καλέσας
1528 1661 1622 1695 αὐτούς
1632 1674 1698 1702 φησι
1706 1674 1712 1680 ·
1725 1664 1814 1702 Προσ·

1041 1707 1115 1748 έχετε
1127 1709 1228 1741 ἑαυτοῖς
1241 1707 1287 1736 καὶ
1300 1707 1380 1736 παντὶ
1391 1710 1429 1748 τῷ
1440 1708 1556 1748 ποιμνίῳ
1565 1730 1574 1743 ,
1587 1710 1615 1737 ἐν
1626 1705 1649 1749 ᾧ
1662 1711 1732 1747 ὑμᾶς
1741 1709 1814 1738 ἔθετο

248 1768 317 1805 ipsis
327 1773 356 1795 et
367 1768 502 1795 universo
512 1766 604 1805 gregi,
616 1766 647 1794 in
659 1776 717 1805 quo
727 1776 782 1795 vos
794 1766 917 1805 Spiritus
927 1776 992 1795 san-
1008 1767 1026 1790 D
1042 1753 1074 1782 τὸ
1083 1755 1195 1793 Πνεῦμα
1206 1754 1237 1783 τὸ
1251 1754 1325 1793 ἅγιον
1337 1753 1465 1792 ποιμένας
1475 1754 1520 1783 καὶ
1533 1754 1704 1788 ἐπισχόπως·
1721 1754 1757 1784 Τί
1770 1754 1815 1794 γέ·

249 1819 311 1842 ctus
322 1814 419 1852 posuit
438 1818 568 1851 pastores
582 1817 610 1840 et
631 1813 787 1851 episcopos.
803 1811 878 1848 Quid
891 1812 991 1841 factum

248 1859 307 1888 est?
326 1869 375 1887 cur
388 1857 524 1887 hortaris?
544 1867 578 1887 an
599 1857 665 1895 quid
687 1868 769 1897 grave
789 1857 943 1897 praevides?
957 1869 990 1888 an

249 1903 316 1942 quid
329 1903 430 1933 durum
441 1902 596 1943 prospicis?
610 1913 644 1931 an
655 1903 728 1941 quod
741 1903 893 1942 periculum
905 1904 991 1933 immi-

249 1956 304 1986 net,
318 1960 352 1978 an
365 1959 424 1987 quae
446 1948 593 1984 calamitas,
608 1959 642 1977 an
662 1949 785 1978 bellum?
800 1949 862 1986 Dic,
878 1960 968 1988 quaeso
982 1963 988 1979 ε

250 2005 312 2024 nam
324 1994 404 2024 altior
417 1994 495 2023 nobis
508 2004 537 2023 es
552 2005 559 2022 τ
579 2003 628 2023 nee
646 1994 786 2033 praesentia
808 1994 890 2024 modo
903 1994 990 2033 vides,

249 2040 297 2069 sed
317 2040 397 2069 etiam
420 2040 510 2069 futura
531 2039 672 2079 praevides.
694 2040 747 2068 Dic
767 2040 851 2080 igitur
872 2051 922 2070 cur
935 2041 992 2071 haec

250 2087 390 2127 praecipias
410 2093 437 2115 et
459 2085 584 2114 horteris.
607 2085 689 2122 Scio,
705 2086 807 2124 inquit,
829 2088 908 2126 quod
927 2094 991 2127 post

251 2134 453 2162 discessionem
466 2142 560 2160 meam
579 2133 731 2160 intrabunt
746 2134 778 2160 in
797 2143 912 2172 gregem
932 2134 997 2173 lupi

251 2189 363 2220 graves.
376 2177 477 2209 Viden'
491 2177 565 2216 quod
586 2177 720 2214 dicebam,
735 2179 870 2216 quomodo
892 2190 946 2208 non
958 2178 993 2208 de

251 2226 286 2255 iis
304 2225 393 2255 solum
411 2224 460 2261 qui
473 2234 521 2252 suo
535 2230 654 2262 tempore
673 2230 749 2252 erant
768 2223 866 2253 anxius
888 2231 956 2254 esset
967 2232 993 2254 et

250 2272 366 2308 timeret,
380 2269 428 2300 sed
448 2270 527 2299 etiam
547 2268 582 2298 de
602 2268 634 2298 iis
655 2269 703 2308 qui
725 2276 790 2308 post*
804 2269 993 2300 discessionem

251 2318 337 2358 ipsius
349 2316 433 2347 futuri
443 2322 527 2346 erant.
541 2317 700 2344 Intrabunt
714 2318 791 2344 enim
805 2316 991 2356 lupi‚inquit;

250 2373 336 2401 neque
349 2360 521 2401 simpliciter,
537 2360 622 2399 Lupi,
634 2359 681 2388 sed
695 2359 774 2389 etiam
788 2361 864 2399 Lupi
878 2371 991 2400 graves,

252 2418 311 2436 non
316 2412 466 2446 parcentes
473 2406 562 2445 gregi.
572 2404 683 2444 Duplex
689 2404 791 2433 bellum
799 2416 806 2433 ε
815 2406 850 2433 Pa
855 2404 892 2433 uli
901 2405 991 2433 absen-

251 2451 286 2480 tia
299 2458 325 2481 et
338 2450 456 2480 incursio
465 2449 610 2489 luporum:
621 2448 714 2478 doctor
726 2456 778 2478 non
788 2448 883 2486 aderit,
893 2455 919 2478 ct
935 2459 991 2478 cor-

1043 1810 1134 1838 γονεν;
1147 1800 1216 1834 τίνος
1230 1800 1317 1829 ἕνεκεν
1331 1803 1484 1839 παραινεῖς;
1500 1799 1538 1839 μή
1548 1812 1574 1829 τι
1592 1805 1706 1840 προορᾷς
1718 1801 1816 1836 δεινόν;

1044 1846 1082 1884 μή
1097 1858 1123 1875 τι
1138 1846 1300 1886 προὸλέπεις
1311 1846 1448 1885 χαλεπόν;
1463 1846 1501 1885 μῆ
1516 1858 1556 1879 τις
1568 1846 1702 1883 κίνδυνος,
1717 1846 1755 1885 μή
1777 1859 1817 1880 τις

1043 1891 1180 1931 συμφορὰ,
1193 1891 1232 1930 μή
1253 1903 1293 1927 τις
1313 1891 1445 1929 πόλεμος;
1461 1891 1530 1921 Εἰπέ
1540 1903 1547 1909 ·
1559 1892 1605 1921 καὶ
1617 1891 1669 1931 γὰρ
1682 1893 1815 1932 ιῖψηλότε-

1044 1949 1087 1977 ρος
1099 1939 1176 1976 ἡμῶν
1190 1937 1304 1973 ἕστηκας
1312 1949 1319 1955 ·
1331 1937 1376 1966 καὶ
1386 1939 1415 1966 οὔ
1431 1937 1464 1966 τὰ
1477 1937 1597 1976 παρόντα
1609 1936 1716 1976 βλέπεις
1729 1937 1817 1976 μόνον,

1043 1983 1112 2012 ἀλλὰ
1131 1983 1176 2012 καὶ
1196 1983 1230 2012 τὰ
1249 1983 1381 2021 μέλλοντα
1403 1987 1526 2022 προορᾷς.
1549 1983 1617 2012 Εἰπὲ
1642 1983 1727 2012 τοίνυν
1748 1983 1817 2017 τίνος

1043 2029 1129 2058 ἕνεκεν
1143 2029 1336 2068 παραγγέλλεις
1344 2031 1429 2058 ταῦτα
1443 2028 1488 2058 καὶ
1503 2033 1649 2068 παραινεῖς.
1666 2024 1750 2067 Οἶδα,
1765 2041 1815 2070 φη-

1043 2075 1094 2110 σὶν,
1104 2075 1144 2104 ὅτι
1161 2074 1229 2113 μετὰ
1241 2074 1290 2110 τὴν
1308 2074 1394 2115 ἄφιξίν
1410 2086 1459 2113 μου
1475 2074 1667 2104 εἰσελεύσονται
1680 2075 1755 2105 λύκοι
1770 2077 1819 2115 βα-

1045 2125 1097 2160 ρεῖς
1110 2122 1147 2153 εἷς
1160 2120 1190 2149 τὸ
1202 2120 1331 2159 ποίμνιον.
1344 2115 1421 2153 Εἶδες
1431 2119 1497 2160 ὅπερ
1511 2120 1610 2160 ἔλεγον,
1621 2123 1678 2154 πῶς
1690 2123 1741 2160 οὐχ
1750 2121 1817 2160 ὑπὲρ

1043 2167 1097 2195 τῶν
1111 2167 1170 2195 καθ’
1192 2166 1284 2195 ἑαυτὸν
1304 2165 1398 2205 χρόνον
1420 2167 1521 2206 ἀγωνιᾷ
1546 2166 1592 2195 καὶ
1610 2166 1711 2196 δέδοικε
1731 2167 1818 2205 μόνον,

1044 2211 1113 2241 ἀλλὰ
1127 2211 1172 2241 καὶ
1182 2212 1249 2250 ὑπὲρ
1262 2213 1315 2240 τῶν
1330 2211 1399 2250 μετὰ
1412 2211 1461 2247 τὴν
1476 2212 1562 2252 ἄφιξιν
1581 2213 1677 2249 αὖτοῦ;
1690 2213 1816 2242 Εἰσελεύ-

1008 2263 1028 2286 E
1045 2269 1135 2287 σονται
1145 2256 1197 2296 γὰρ
1209 2257 1295 2293 λύκοι,
1309 2257 1384 2297 φησί·
1397 2257 1442 2287 καὶ
1451 2259 1502 2297 οὐχ
1514 2258 1615 2294 ἁπλῶς,
1628 2257 1723 2295 λύκοι,
1732 2258 1801 2288 ἀλλὰ
1809 2281 1817 2294 ,

1044 2302 1128 2332 Αύκοι
1143 2305 1247 2343 βαρεῖς,
1263 2302 1300 2341 μὴ
1322 2303 1472 2342 φειδόμενοι
1485 2306 1531 2332 τοῦ
1554 2303 1685 2342 ποιμνίου.
1700 2305 1818 2337 Διπλοῧς

1045 2350 1058 2377 δ
1069 2349 1184 2388 πόλεμος
1193 2361 1200 2367 ·
1213 2349 1328 2378 ἀπουσία
1342 2349 1451 2378 Παύλου
1463 2370 1471 2384 ,
1481 2348 1526 2378 καὶ
1546 2348 1636 2388 ἔφοδος
1651 2351 1705 2378 τῶν
1716 2349 1817 2379 λύκων·

1046 2399 1104 2428 οὐδὲ
1115 2401 1129 2428 ὁ
1143 2399 1299 2432 διδάσκαλος
1310 2399 1446 2440 πάρεστιν,
1460 2399 1505 2429 καὶ
1515 2400 1539 2428 οἱ
1558 2398 1748 2439 διαφθείροντες
1758 2400 1816 2428 ἐπι-

1046 2449 1186 2479 κείσονται.
1193 2450 1246 2479 Καὶ
1256 2449 1348 2479 σκόπει
1361 2450 1520 2490 κακουργίαν
1528 2449 1634 2489 θηρίων,
1643 2450 1687 2479 καὶ
1696 2451 1817 2490 πονηρῶν

285 2564 295 2575 ³
312 2555 353 2580 Sic
371 2556 416 2580 Ms.
433 2553 484 2580 sed
496 2553 565 2588 ⁴hand
581 2552 656 2578 dubie
676 2551 808 2584 tegendum
827 2558 948 2587 κριτήριον.
972 2552 1012 2576 Itu
1025 2552 1091 2576 enim
1102 2560 1187 2578 sensus
1201 2552 1320 2585 postulat,
