1890 2826
545 188 590 212 DE
616 186 724 211 mutim
750 183 942 209 anATtONE
969 181 1094 206 ORATIO
1122 182 1147 206 l.

61 255 181 297 πατέρων
195 254 352 285 ἐκὸάλλεται
363 276 370 288 ,
384 252 452 281 ἀλλὰ
465 251 499 280 τὰ
511 252 574 291 παρ’
587 251 664 288 ἡμῶν
687 246 833 287 παρατίθε-

61 315 116 332 ται.
127 302 184 332 Κᾶν
197 297 215 341 ᾗ
229 299 332 340 μεγάλα
344 299 378 328 τὰ
395 299 458 338 παρ’
473 299 575 333 αὐτῶν,
588 295 669 335 μικρὰ
683 294 710 323 δὲ
721 292 756 323 τὰ
764 291 833 331 ἡμέ-

60 360 139 388 τερα,
153 346 221 377 ἀλλὰ
235 346 460 384 συνοικοδομεῖται
473 343 589 376 ἐκείνοις.
602 341 709 381 ’Ὠσπερ
722 338 773 379 γὰρ
790 337 833 367 λί-

60 396 103 423 θον
118 393 200 432 μέγαν
213 392 295 422 κῦὅου
309 390 382 425 τάξιν
396 389 522 430 φέροντα,
532 390 559 418 ἐν
571 388 696 427 οἰκοδομῇ
705 384 834 424 παγέντα,

60 439 104 468 καὶ
117 438 206 478 ἠρέμα
215 436 402 477 σαλευόμενον,
418 435 509 475 μικρὸς
522 434 680 469 ὓποὸληθεὶς
692 432 763 465 λίθος
772 443 835 466 στη-

62 484 126 525 ρίξει
133 497 140 503 ·
163 485 232 514 οὕτω
240 483 285 514 καὶ
292 483 326 513 τὰ
336 483 387 513 ὑπὸ
395 485 448 513 τῶν
460 482 580 522 πατέρων
591 479 728 520 εἰρημένα,
740 477 835 518 μικρὰς

60 531 212 571 προσθήκας
225 530 368 570 δεχόμενα,
384 529 490 569 μείζονα
501 528 550 565 τὴν
561 526 702 566 οἰκοδομὴν
712 527 759 561 τῆς
773 523 834 554 Ἐκ·

61 577 172 613 κλησίας
192 576 378 616 ἀπεργάζεται.
402 575 557 615 Παρακαλῶ
586 573 614 603 δὲ
633 572 682 608 τὴν
705 569 835 612 ὑμετέραν

61 623 167 663 ἀγάπην
177 645 185 659 ,
200 627 257 656 ταῖς
269 621 380 655 ἐννοίαις
392 623 444 651 τῶν
463 619 612 660 λεγομένων
625 617 765 658 προσέχειν
774 627 780 634 ·
796 615 834 655 μὴ

60 670 84 698 εἰ
100 669 170 703 ξέναι
181 668 246 698 εἰσὶν
258 690 266 704 ,
279 669 337 697 ἀλλ’
353 669 377 697 εἰ
391 668 496 702 ἀληθεῖς
512 665 687 705 ὑπάρχουσιν.
701 662 772 693 Οὔτε
782 661 835 701 γὰρ

60 715 91 744 τὸ
103 715 131 744 ἐν
152 714 277 754 συνηθείᾳ
291 713 396 747 πάντως
407 712 514 749 ἀληθὲς,
529 711 588 741 οὔτε
600 711 632 740 τὸ
645 709 715 744 ξένον
728 707 820 749 ψευδές
828 719 834 725 ·

61 760 129 791 ἀλλὰ
141 763 278 800 πανταχοῦ
300 761 418 795 ζητεῖται
432 760 455 788 εἷ
475 757 585 794 ἀλήθεια
607 755 625 792 ἢ
639 756 732 796 ψεῦδος
743 753 777 783 τὰ
789 755 835 783 λε-

60 804 168 847 γόμενα.
179 806 253 841 Ἀξιῶ
264 805 291 835 δὲ
305 804 372 844 μήτε
381 806 417 838 ὣς
428 803 502 844 φίλον
514 803 573 833 τινὰ
585 801 746 842 χαρίσασθαι
760 799 836 834 ἀνεξ-

1558 169 1621 206 511

884 255 948 284 ergo
959 255 988 274 ea
998 256 1058 284 quae
1069 256 1084 274 a
1094 245 1216 285 patribus
1226 244 1297 275 dicta
1309 251 1370 275 sunt
1385 244 1571 280 eliminantur,
1582 242 1630 273 sed

885 299 976 321 nostra
992 292 1049 322 illis
1059 298 1242 333 apponuntur.
1259 292 1392 329 Quamvis
1405 301 1501 331 magna
1513 298 1575 320 sunt
1584 301 1629 320 eo-

885 349 947 367 rum
969 338 1052 375 dieta,
1068 345 1157 367 nostra
1171 344 1260 366 autem
1285 338 1393 377 exigua,
1409 337 1467 366 haec
1492 344 1579 366 tamen
1601 337 1630 366 in

885 382 1007 412 eamdem
1028 389 1190 412 structuram
1213 389 1346 422 aptantur.
1361 384 1400 413 Ut
1417 381 1489 411 enim
1512 380 1630 420 lapidem

852 432 870 455 D
887 439 1014 468 maguum
1028 429 1056 458 in
1070 429 1133 458 cubi
1147 429 1260 458 sormam
1273 435 1405 468 aptatum,
1424 428 1452 457 in
1466 433 1630 457 structuram

887 473 1037 509 admotum,
1051 480 1077 503 et
1095 474 1208 514 paulum
1221 480 1368 510 nutantem,
1383 473 1521 513 subjectus
1539 471 1631 500 firmat

886 519 1001 559 exiguus
1014 520 1084 560 lapis
1100 532 1107 549 ε
1123 520 1162 549 sie
1179 531 1210 550 ea
1223 531 1283 559 quae
1297 531 1313 550 a
1326 520 1450 560 patribus
1471 518 1543 548 dieta
1557 525 1630 555 sunt,

886 567 993 607 exiguis
1010 567 1214 597 accensionibus
1234 568 1322 607 majus
1335 566 1464 597 Ecclesiae
1485 565 1631 595 aedificium

887 614 1062 646 constituunt.
1077 615 1174 644 Precor
1187 620 1278 643 autem
1302 614 1439 643 caritatem
1460 619 1588 647 vestram,
1604 617 1633 640 ut

886 658 1020 690 dictorum
1036 660 1173 690 sententiis
1187 659 1347 698 attendatis;
1361 669 1414 689 non
1427 669 1461 688 an
1474 668 1551 688 novae
1563 657 1628 694 sint,

886 705 934 736 sed
952 716 985 735 an
999 717 1078 737 verae.
1105 705 1168 737 Non
1200 706 1272 735 enim
1285 705 1360 744 quod
1386 703 1438 735 usu
1463 704 1560 734 tritum
1581 710 1632 739 est,

887 764 992 794 semper
1001 765 1096 784 verum
1106 766 1114 792 ;
1129 764 1215 793 neque
1228 753 1302 793 quod
1311 763 1423 788 novum,
1439 750 1500 781 ideo
1513 751 1611 780 falsum
1624 762 1630 779 ι

888 801 936 831 sed
949 812 1055 841 semper
1080 801 1238 842 exploratur
1251 811 1284 830 an
1305 811 1333 830 ea
1348 810 1408 838 qnae
1429 798 1559 828 dicuntur
1569 808 1633 827 vera

62 854 177 886 ετάστως
205 851 344 892 δεχόμενον
370 850 431 884 τοὺς
453 850 545 890 λόγους
556 861 563 867 ·
589 847 658 887 μήτε
685 849 721 880 ὣς
743 846 836 887 ἕχθρὸν
843 868 880 888 4³7
888 848 953 884 sint,
969 859 1002 878 an
1013 849 1091 878 falsa.
1107 849 1186 888 Rogo
1199 855 1288 878 autem
1309 858 1344 876 nc
1356 846 1428 886 quis,
1441 853 1472 875 ut
1484 845 1587 874 amicus
1597 844 1634 874 ad

63 899 192 934 ξενίζοντα
212 897 350 928 ἕκὸάλλὸῑν
370 896 414 927 τὸν
428 895 519 936 λόγον·
544 895 602 926 ἀλλ’
622 896 686 934 ὁρᾷν
699 895 835 932 πανταχοῦ
853 897 873 918 A
889 895 1004 935 gratiam
1018 895 1076 925 sine
1090 896 1213 925 examine
1226 905 1376 924 sermonem
1388 893 1514 933 excipiat,
1526 903 1593 922 neve
1603 899 1634 921 ut

65 948 88 976 εἷ
103 944 213 981 ἀλήθειά
227 946 298 974 ἐστιν
312 945 330 979 ἡ
339 947 393 977 τοῖς
405 942 555 983 λεγομένοις
572 939 747 981 βραὸεύουσα.

102 1039 150 1068 Ἐν
164 1039 234 1078 ἀρχῇ
247 1059 255 1073 ,
276 1036 372 1076 φησὶν,
399 1034 521 1070 ἐποίησεν
544 1035 558 1062 6
577 1032 645 1065 Θεὸς
665 1031 709 1061 τὸν
731 1030 838 1071 οὐρανὸν

62 1084 107 1114 καὶ
124 1084 173 1120 τὴν
190 1087 250 1123 γῆν.
263 1083 299 1112 Ἥ
312 1081 415 1121 ἱστορία
429 1080 495 1116 αὕτη
510 1079 566 1109 ἐστὶ
582 1078 629 1118 μὲν
644 1077 779 1110 Μωῦσέως
792 1079 838 1106 τοῦ

62 1129 201 1169 νομοθέτου
220 1128 381 1168 σύγγραμμα
392 1150 401 1164 ,
419 1126 465 1156 καὶ
477 1124 632 1164 Πνεύματος
645 1123 720 1164 ἁγίου
735 1123 841 1153 ἀποκά-

60 1177 146 1216 λυψις.
167 1174 292 1216 Περιέχει
314 1174 342 1204 δὲ
366 1172 539 1212 δημιουργίαν
561 1170 671 1210 δυνάμει
698 1169 746 1209 μὲν
769 1171 840 1199 Θεοῦ

60 1222 215 1261 γεναμένην,
224 1222 374 1261 πργηταῇ
390 1219 417 1248 δὲ
428 1218 519 1258 χάριτι
528 1219 638 1247 Μωῦσεῑ
648 1216 840 1255 ἀποκαλυφθεῖ-

63 1280 121 1298 σαν.
144 1269 184 1298 Οὔ
198 1267 249 1308 γὰρ
263 1279 276 1296 ε
287 1278 336 1296 πεν
347 1268 432 1295 ταῦτα
445 1265 563 1299 Μωῦσῆς
576 1264 612 1296 ὡς
625 1261 840 1302 ἱστοριογράφος,

63 1315 121 1344 ἀλλ’
147 1316 182 1348 ὡς
194 1313 341 1355 προφήτης.
367 1306 436 1342 Eine
447 1310 498 1351 γὰρ
514 1310 531 1340 ἃ
547 1309 583 1349 μὴ
600 1303 652 1338 εἶδε
665 1331 672 1345 ,
688 1307 733 1338 καὶ
744 1307 839 1347 διηγή-

63 1372 130 1390 σατο
141 1356 178 1390 ὧν
193 1359 287 1396 θεατὴς
300 1360 349 1389 οὔκ
358 1358 470 1398 ἐγένετο.
494 1356 601 1396 Ὥσπερ
622 1354 674 1394 γὰρ
701 1354 763 1394 τρία
783 1353 840 1390 εἴδη

62 1406 223 1447 προφητείας
236 1405 381 1446 εἰρήκαμεν
395 1404 497 1438 πάλαι,
521 1401 563 1431 ὅτι
583 1403 687 1441 πρῶτον
704 1399 751 1439 μὲν
775 1395 841 1433 εἶδος

63 1452 224 1493 προφητείας
235 1453 266 1481 τὸ
278 1453 373 1487 εἰπεῖν,
401 1449 521 1489 δεύτερον
536 1447 563 1477 δὲ
576 1447 607 1476 τὸ
619 1448 652 1477 δι’
669 1446 745 1486 ἔργου
754 1467 762 1481 ,
782 1446 841 1487 τρί-

62 1510 107 1528 τον
127 1498 158 1528 τὸ
172 1499 206 1528 δι’
221 1499 297 1539 ἔργου
317 1497 363 1527 καὶ
385 1496 464 1535 λόγου
474 1507 480 1514 ·
503 1493 573 1524 οὕτω
596 1493 641 1523 καὶ
655 1494 766 1522 ἐνταῦθα
781 1492 842 1532 τρία

66 1544 134 1585 μέρη
148 1544 326 1585 προφητείας·
354 1541 504 1583 προφητεία
524 1539 586 1580 περὶ
609 1540 661 1568 τῶν
676 1537 841 1573 ἐνεστώτων,

66 1590 213 1631 προφητεία
226 1590 288 1629 περὶ
299 1591 352 1618 τῶν
371 1587 519 1627 μελλόντων
528 1607 536 1621 ,
554 1584 704 1625 προφητεία
717 1583 842 1623 περὶτῶν

66 1636 258 1677 παρελθόντων.
272 1631 336 1665 Οῗον
345 1657 354 1670 ,
368 1635 397 1663 οὐ
410 1635 499 1673 παρῆν
513 1631 651 1672 προφήτης
660 1652 668 1666 ,
684 1630 745 1670 φέρε
759 1631 841 1660 εἰπεῖν

66 1682 194 1717 ζΗσαΐας,
207 1685 262 1715 τοῖς
282 1680 326 1711 ἐπὶ
339 1679 474 1712 Μωῦσέως
485 1677 649 1718 γενομένοις·
671 1677 730 1706 ἀλλ’
751 1674 842 1711 ἐπειδὴ

68 1728 98 1758 τὸ
108 1731 213 1767 πνεῦμα
230 1726 364 1760 Μωῦσέως
377 1722 410 1762 ἧν
424 1726 451 1754 ἐν
466 1726 554 1764 αὐτῷ,
570 1722 757 1753 ἀποκαλύπτον
772 1723 843 1761 αὐτῷ

67 1775 101 1804 τὰ
114 1774 242 1814 γενόμενα
250 1796 259 1809 ,
268 1771 415 1814 προφητεία
425 1767 468 1807 ἧν.
483 1769 564 1800 Ἔστι
575 1768 602 1798 δὲ
611 1763 683 1802 αὖθις
696 1766 844 1809 προφητεία

889 941 1016 970 inimicus
1030 941 1078 970 illa
1098 941 1175 980 quasi
1190 940 1331 981 peregrina
1343 945 1466 979 respuat,
1480 938 1529 968 sed
1544 937 1635 968 videat

890 987 992 1026 ubique
1005 998 1069 1018 num
1078 988 1177 1018 veritas
1188 987 1268 1017 dictis
1281 987 1399 1027 palmam
1412 986 1525 1015 tribuat.

931 1035 960 1063 9.
984 1036 1023 1064 In
1046 1035 1202 1073 principio,
1221 1033 1407 1074 inquit,secit
1428 1033 1511 1062 Deus
1531 1031 1634 1061 caelum
1649 1036 1736 1057 Gen-r·
1750 1042 1776 1072 ¹'.

891 1087 920 1110 et
931 1087 1049 1110 terram.
1066 1082 1128 1110 Haec
1144 1080 1256 1110 historia
1269 1079 1374 1119 Moysis
1393 1078 1554 1118 legislatoris
1567 1089 1636 1118 opus
1646 1066 1729 1120 weg?
1729 1074 1790 1127 {1⁰3⁸

891 1134 943 1163 est,
958 1134 984 1157 et
1003 1126 1227 1167 Spiritus'sancti
1251 1126 1389 1155 revelatio.
1403 1126 1527 1155 Continet
1547 1132 1679 1154 autemus
1697 1133 1719 1150 et
1737 1129 1789 1156 spt-

891 1174 1051 1203 oreationem
1074 1172 1125 1202 Dei
1144 1172 1244 1202 virtute
1264 1172 1371 1208 factam,
1385 1182 1434 1212 per
1452 1171 1635 1211 propheticam
1647 1163 1789 1213 :ffilssuecm

891 1229 956 1248 vero
979 1219 1092 1259 gratiam
1116 1219 1207 1259 Moysi
1229 1218 1386 1248 revelatam.
1411 1219 1473 1248 Non
1494 1217 1566 1247 enim
1579 1218 1637 1247 haec

892 1267 1002 1307 Moyses
1014 1273 1044 1296 ut
1052 1266 1288 1306 historiographus
1300 1264 1382 1300 dixit,
1396 1264 1444 1294 sed
1454 1271 1485 1294 ut
1493 1264 1635 1304 propheta.

891 1312 942 1342 Illa
956 1313 1058 1353 quippe
1071 1312 1143 1342 dixit
1156 1322 1216 1351 quae
1237 1322 1291 1341 non
1304 1311 1421 1347 viderat,
1436 1318 1462 1340 et
1482 1311 1529 1340 itta
1542 1321 1637 1340 narra-

859 1368 874 1390 B
890 1358 931 1388 vit
955 1369 1074 1397 quorum
1105 1365 1238 1398 spectator
1251 1367 1304 1387 non
1325 1358 1421 1387 fuerat.
1435 1358 1476 1387 Ut
1488 1357 1559 1386 enim
1577 1357 1637 1397 pri-
1706 1387 1710 1392 ,

890 1404 952 1435 dem
963 1405 1013 1434 tria
1026 1415 1083 1435 esse
1094 1404 1245 1445 prophetia!
1258 1414 1354 1444 genera
1365 1414 1420 1433 esse
1434 1403 1566 1438 diximus,
1581 1403 1638 1443 pri·
1648 1387 1727 1448 9113ss
1735 1392 1791 1445 ¹¹22]
1813 1412 1821 1422 ’

891 1462 967 1480 mum
983 1451 1077 1487 verbo,
1100 1451 1249 1481 secuudum
1269 1461 1361 1490 opere,
1385 1449 1495 1480 tertium
1518 1460 1598 1490 opere
1611 1456 1636 1479 et
1649 1458 1709 1472 “effl-

891 1509 1013 1528 sermone
1028 1510 1036 1527 z
1052 1497 1091 1527 sic
1102 1505 1128 1527 et
1142 1505 1196 1527 tres
1205 1498 1263 1537 jam
1275 1497 1423 1537 prophetiae
1437 1503 1526 1537 partes
1539 1498 1637 1526 consti-

892 1545 993 1575 tuimus
1006 1558 1012 1574 :
1028 1545 1198 1585 prophetiam
1219 1544 1253 1574 de
1264 1544 1452 1584 praesentihus.
1468 1543 1638 1583 prophetiam

891 1590 926 1620 de
938 1591 1048 1628 futuris,
1063 1598 1089 1620 et
1103 1590 1272 1630 prophetiam
1293 1589 1327 1619 de
1342 1590 1494 1630 praeteritis.
1510 1589 1638 1629 Exempli

891 1647 970 1666 causa
986 1649 994 1666 ε
1010 1646 1063 1666 non
1083 1636 1175 1666 aderat
1194 1636 1277 1665 Isaias
1297 1635 1429 1675 propheta
1454 1634 1487 1663 iis
1506 1645 1565 1673 quae
1587 1636 1639 1664 sub

893 1683 987 1722 Moyse
1005 1689 1078 1721 gesta
1098 1688 1162 1711 sunt
1177 1692 1183 1709 ε
1200 1681 1247 1710 sed
1258 1681 1321 1720 quia
1335 1680 1447 1720 spiritus
1466 1680 1571 1720 Moysis
1582 1688 1640 1710 erat

893 1730 920 1759 in
940 1730 1057 1769 illo,qui
1078 1741 1108 1759 ca
1131 1729 1182 1769 ipsi
1205 1729 1347 1765 revelaret,
1363 1728 1391 1757 id
1413 1728 1553 1768 prophetia
1571 1735 1638 1758 erat.

892 1776 942 1806 Est
963 1775 1026 1806 item
1048 1775 1188 1816 prophetia
1207 1775 1286 1804 etiam
1301 1774 1335 1803 de
1353 1774 1548 1814 praesentibus3
1573 1781 1602 1804 ut
1615 1775 1639 1805 si

69 1821 114 1850 καὶ
123 1821 166 1850 ἐπὶ
175 1822 226 1850 τῶν
237 1819 373 1860 παρόντων
381 1830 388 1836 ·
397 1819 432 1851 ὥς
443 1817 489 1846 ἐάν
496 1828 536 1850 τῑς
548 1815 594 1846 καὶ
603 1814 647 1844 ἐπὶ
653 1817 698 1844 τοῦ
707 1813 842 1854 προφήτου
858 1825 876 1848 C
892 1822 954 1862 quis
976 1833 1065 1852 coram
1087 1822 1219 1862 propheta
1241 1820 1346 1860 aliquid
1366 1820 1393 1849 in
1416 1821 1505 1849 animo
1518 1831 1639 1855 versans,

69 1868 151 1902 ἑστὼς
165 1867 227 1907 θέλῃ
240 1866 339 1907 κρύψαι
352 1877 379 1895 τι
392 1866 418 1894 ἐν
432 1865 466 1903 τῇ
481 1861 598 1903 διανοίᾳ,
619 1861 664 1891 καὶ
679 1863 693 1890 6
706 1859 844 1900 προφήτης

72 1913 168 1953 ἐλέγχῃ
184 1911 272 1948 αὐτὸν,
280 1913 316 1944 ὥς
328 1912 342 1939 6
352 1910 504 1941 Ἐλισσαῖος
516 1907 561 1937 τὸν
575 1906 660 1942 Γιεζὶ,
671 1905 705 1934 τὰ
714 1904 844 1944 μέλλοντα

72 1957 261 1999 προσημαίνων
275 1956 320 1986 καὶ
334 1955 368 1985 τὰ
387 1953 556 1994 κεκρυμμένα
578 1951 710 1982 δεικνύων.
727 1952 844 1986 Μωϋσῆς

74 2000 132 2035 εἷπε
141 2005 174 2034 τὰ
181 2003 367 2044 προγεγονότα,
378 2001 455 2031 ἄλλοι
463 1999 497 2029 τὰ
504 1998 642 2039 μέλλοντα.
651 1997 744 2030 Οὕτως
750 1992 795 2026 οἶν
807 1997 845 2025 δεῖ

74 2051 214 2092 προσέχειν
225 2053 258 2090 τῇ
272 2048 376 2089 ἱστορίᾳ
389 2046 472 2085 ταύτῃ
481 2069 489 2082 ,
503 2047 553 2085 οὐχ
562 2046 598 2078 ὣς
610 2043 755 2083 διηγήματι
763 2066 770 2079 ,
785 2044 844 2073 ἀλλ’

74 2099 111 2131 ὥς
121 2096 268 2137 προφητεία
290 2095 400 2133 ἀληθινῇ
422 2094 452 2122 ἐκ
470 2091 626 2130 Πνεύματος
640 2089 715 2130 ἁγίου
728 2090 845 2124 λελαλη-

76 2143 152 2183 μένῃ.
172 2142 222 2175 Τίς
236 2142 263 2171 δὲ
276 2144 290 2171 ὁ
309 2140 405 2173 σκοπὸς
418 2140 457 2179 τῷ
470 2138 594 2178 προφήτῃ
605 2150 612 2174 ;
627 2136 681 2166 Δύο
694 2135 846 2176 πρόκεινται

77 2191 187 2219 Μωῦσεῖ
199 2190 309 2223 ποιῆσαι
320 2209 328 2222 ,
352 2185 397 2215 καὶ
408 2183 578 2214 διδασκαλίαν
593 2182 727 2218 ἐκθέσθαι,
747 2181 793 2211 καὶ
804 2193 846 2210 νο-

79 2234 201 2275 μοθεσίαν
215 2235 397 2262 ommni-3⁶22.
411 2229 562 2269 Νομοθέτης
571 2229 622 2269 γὰρ
636 2229 687 2265 ὢν,
703 2230 731 2257 οὐ
742 2229 846 2268 πρῶτον
874 2241 877 2243 ’

892 1869 1030 1898 oecultum
1043 1868 1068 1897 ei
1081 1879 1136 1898 esse
1148 1867 1226 1904 velit,
1241 1874 1267 1896 et
1281 1867 1413 1907 propheta
1427 1867 1517 1906 ipsum
1530 1874 1638 1907 arguat,

893 1922 923 1945 ut
938 1915 1053 1944 Elisaeus
1072 1925 1134 1954 erga
1159 1913 1235 1944 Giezi
1254 1913 1328 1950 fecit,
1344 1913 1434 1942 futura
1458 1913 1640 1952 praenuntians

893 1968 919 1990 et
938 1961 1040 1990 occulta
1063 1960 1314 1999 revelans.Moyses
1336 1970 1395 1998 qttae
1416 1959 1548 1998 praeterita
1565 1967 1640 1989 erant

893 2006 999 2047 aperuit
1012 2019 1018 2036 ε
1033 2006 1080 2036 alii
1094 2017 1152 2045 quae
1165 2006 1266 2035 futura.
1279 2006 1318 2034 Ita
1331 2005 1415 2045 igitur
1426 2012 1465 2034 est
1479 2005 1542 2035 huic
1556 2005 1640 2035 histo-

894 2053 941 2083 riae
953 2052 1152 2088 attendendum,
1168 2062 1220 2081 non
1235 2058 1265 2080 ut
1279 2051 1437 2086 narrationi,
1453 2051 1501 2080 sed
1516 2059 1545 2080 ut
1555 2052 1640 2082 histo-

895 2099 942 2129 riae
955 2109 1036 2134 verae,
1053 2109 1112 2138 quae
1126 2109 1174 2138 per
1197 2097 1331 2138 Spiritum
1343 2104 1464 2126 sanctum
1478 2098 1578 2137 prolata
1594 2098 1639 2127 sit.

896 2144 965 2182 Quis
976 2154 1057 2184 porro
1069 2151 1108 2174 est
1125 2143 1262 2183 prophetae
1275 2142 1392 2183 scopus?
1406 2143 1468 2172 Duo
1490 2146 1599 2183 Moyses
1613 2145 1640 2173 in

896 2190 1032 2231 proposito
1045 2190 1136 2226 habet,
1151 2196 1178 2219 et
1189 2189 1338 2219 doctrinam
1352 2189 1441 2225 edere,
1459 2196 1485 2218 et
1496 2189 1569 2229 leges
1583 2201 1643 2219 san-

897 2238 961 2267 cire.
975 2237 1125 2276 Legislator
1135 2236 1206 2265 enim
1225 2247 1287 2266 cum
1299 2235 1335 2265 sit
1352 2258 1359 2271 ,
1375 2246 1426 2264 non
1444 2242 1531 2264 tamen
1545 2247 1560 2265 a
1572 2237 1642 2275 legi-

864 2287 883 2310 ὓ
899 2283 954 2313 bus
978 2283 1087 2323 incepit,
1115 2282 1163 2312 sed
1176 2294 1191 2312 a
1214 2283 1358 2312 creatione.
1376 2281 1434 2311 Cur
1449 2288 1537 2310 autem
1552 2282 1643 2321 primo

899 2330 987 2361 votuit
998 2331 1085 2360 Deum
1113 2329 1252 2359 ostendere
1274 2331 1426 2359 Creatorem
1446 2335 1472 2357 et
1495 2329 1642 2357 Dominum

77 2281 175 2321 ἤρξατο
187 2281 236 2315 τῆς
250 2277 415 2318 νομοθεσίας,
433 2276 501 2306 ἀλλὰ
514 2277 562 2311 τῆς
575 2274 754 2315 δημιουργίας.
769 2274 848 2303 Διατί

79 2328 106 2357 δὲ
123 2329 227 2368 πρῶτον
239 2325 352 2362 ἠθέλησε
366 2323 447 2357 δεῖξαι
467 2322 512 2352 τὸν
534 2321 602 2351 Θεὸν
630 2320 788 2360 δημιουργὸν
802 2322 847 2349 τοῦ

79 2374 176 2407 παντὸς
193 2372 239 2402 καὶ
252 2369 406 2405 Δεσπότην;
420 2367 478 2398 Ἵνα
493 2367 583 2407 δειχθῇ
598 2366 667 2399 Θεός
676 2378 682 2384 ·
708 2367 756 2396 οὐκ
768 2367 848 2396 ἀλλο-

80 2418 161 2459 τρίοις
173 2419 337 2458 νομοθετῶν,
362 2414 430 2445 ἀλλὰ
442 2418 496 2448 τοῖς
508 2413 591 2446 ἰδίοις.
606 2413 640 2442 Et
655 2411 692 2452 μὴ
714 2411 764 2452 γὰρ
778 2414 850 2453 πρῶ-

81 2477 125 2494 τον
137 2465 230 2499 ἔδειξεν
244 2463 322 2493 αὐτὸν
336 2460 494 2501 δημιουργὸν
507 2462 552 2489 τοῦ
565 2458 674 2498 κόσμου,
685 2459 731 2488 οὐκ
740 2458 770 2487 ἂν
781 2458 848 2493 ἀξιό-

81 2523 174 2544 πιστος
197 2509 302 2550 ἐδείχθη
327 2507 469 2547 νομοθέτης
491 2509 537 2535 τοῦ
549 2505 657 2543 κόσμου.
679 2504 720 2534 Τὸ
730 2504 781 2545 γὰρ
803 2506 850 2534 ἀλ-

82 2557 194 2596 λοτρίοις
205 2558 351 2595 νομοθετεῖν
361 2553 434 2593 ,βίας
445 2564 452 2571 ·
462 2552 492 2582 τὸ
503 2551 530 2581 δὲ
543 2550 604 2584 τοὺς
615 2549 695 2584 ἰδίους
708 2549 850 2588 παιδεύειν,

86 2601 245 2635 ἀκολουθίας.
271 2601 323 2631 Καὶ
337 2599 428 2639 ὥσπερ
450 2597 572 2634 Ἰωάννης
586 2599 600 2627 6
613 2596 799 2636 εὗαγγελιστὴς
821 2599 849 2626 οὖ

901 2375 1039 2406 universi?
1052 2377 1091 2406 Ut
1110 2377 1183 2405 Deus
1198 2386 1255 2405 esse
1277 2374 1513 2408 demonstraretur,
1527 2373 1574 2412 qui
1589 2384 1641 2402 non

901 2422 1006 2458 alienis,
1021 2421 1069 2452 sed
1084 2421 1140 2451 suis
1161 2422 1247 2460 legem
1262 2427 1380 2460 poneret.
1397 2419 1455 2449 Nisi
1479 2418 1549 2448 enim
1566 2419 1642 2458 prius

902 2465 1056 2496 ostendisset
1066 2477 1127 2495 cum
1137 2465 1228 2494 mundi
1239 2464 1476 2498 Conditorem‚non
1486 2462 1538 2491 fide
1544 2462 1644 2502 dignus

903 2509 1010 2539 habitus
1023 2509 1116 2538 suisset
1131 2508 1225 2538 mundi
1239 2507 1397 2546 Legislator.
1413 2507 1482 2535 Nam
1495 2506 1588 2535 alienis
1603 2507 1641 2535 le-

903 2564 962 2593 gem
974 2553 1050 2589 dare,
1066 2552 1223 2582 violentum
1238 2561 1301 2579 snos
1312 2557 1399 2578 autem
1415 2549 1564 2586 instituere,
1578 2560 1642 2579 con-

904 2604 1057 2626 sentaneum
1082 2603 1129 2625 est.
1145 2593 1379 2631 Quemadmodum
1393 2593 1507 2623 Joannes
1526 2604 1641 2633 evauge-
