1890 2826
65 1483 141 1505 Mar-n
158 1482 179 1505 3.

65 1513 102 1537 38.

64 1809 132 1831 Junn.
149 1815 176 1830 ιο

66 1840 96 1861 30

69 2269 153 2304 ῥΛῙιιΙΙΙΙ.
173 2267 210 2290 26,

70 2310 106 2329 εἷμ-

209 193 279 237 504

210 267 294 294 nibus
308 270 494 294 conversatus
507 270 559 293 est.
575 264 625 294 Hic
638 266 712 294 Deus
726 271 814 294 noster
824 264 859 294 ad
874 275 952 303 quem

211 321 263 340 non
281 310 458 340 aestimabitur
475 310 557 347 alius,
571 310 597 339 in
609 317 681 340 terra
697 311 774 340 visus
791 317 830 340 est
848 317 874 340 et
892 320 953 339 cum

209 357 365 386 hominibus
372 363 543 387 conversatus
553 362 593 385 est
605 363 706 396 postea.
721 355 807 387 Vides
817 358 954 386 veritatem

210 403 393 432 confirmatam
402 403 416 431 Ξ)
432 402 505 433 Vide
519 409 549 431 ut
564 402 648 431 errori
660 401 765 432 aditum
781 401 954 437 intercludat,

211 460 244 479 ne
263 449 374 480 Judaeus
391 449 531 478 veritatem
551 447 730 487 calumnietur
744 455 771 478 et
783 447 866 485 dicat,
881 449 956 478 Dens

211 498 285 526 visus
297 502 336 525 est
349 507 364 524 a
378 497 474 535 Moyse
479 506 488 533 ;
503 494 630 535 apparuit
641 494 713 524 enim
726 495 800 524 Deus
815 494 954 533 inlmonte.

212 544 311 571 Praetcr
319 552 382 570 eum
392 551 446 570 non
457 547 496 570 est
511 541 582 570 alius
595 551 602 569 =
614 551 662 570 nec
679 540 754 581 ejicit
768 542 874 570 Patrem
884 551 899 569 a
913 540 955 569 di-

212 589 275 617 vina
298 588 439 627 dignitate.
460 589 538 617 Pater
557 587 580 616 si
600 587 674 616 solus
692 587 844 617 nominatus
862 587 955 622 fuerit,

212 634 434 663 exterminabitne
466 633 570 662 Filium
593 644 608 662 a
632 634 769 662 communi
798 633 928 673 dignitate
941 633 956 662 ἶ)

213 680 329 718 Quando
337 680 403 709 dicit
416 681 500 717 Deus,
511 680 568 710 sive
582 681 670 715 Pater,
681 680 738 710 sive
756 679 854 716 Filius,
870 690 898 709 se
910 690 955 709 so·
975 683 992 706 F.

214 727 270 755 lum
282 737 367 755 unum
375 736 443 763 esse,
453 736 506 755 non
520 731 598 765 negat
607 732 708 755 naturae
715 736 770 755 suae
780 726 954 755 consortium.

213 774 290 801 Pater
299 772 402 801 Filium
413 782 466 801 non
480 771 563 811 ejicit,
578 771 666 802 Filius
677 781 730 801 non
743 779 820 811 negat
835 773 954 803 Patrem;

212 818 260 847 sed
278 829 340 847 cum
359 818 458 848 similia
470 818 607 856 dicuntur,
624 825 715 847 contra
734 818 870 848 idolorum
885 829 959 848 erro-

213 876 269 894 rem
288 875 375 894 serino
394 865 582 895 habetur.Cur
597 871 690 894 contra
706 865 882 904 Unigenitum
899 865 958 895 bla-

902 203 1036 226 tNCERTI

1007 275 1080 293 σεται
1095 264 1182 303 ἕτερος
1194 263 1257 303 πρὸς
1271 263 1358 293 αὐτόν.
1374 262 1481 302 Ἐξεῦρε
1498 266 1585 292 πᾶσαν
1597 262 1655 292 ὁδὸν
1667 261 1776 298 ἐπιστή-

1007 322 1068 348 μης,
1080 308 1124 339 καὶ
1145 309 1241 339 ἔδωκεν
1256 308 1338 345 αὐτὴν
1359 308 1458 338 Ἰακὼὸ
1472 311 1510 349 τῷ
1524 308 1599 338 παιδὶ
1620 310 1699 338 αὐτοῦ
1709 331 1717 344 ,
1731 308 1777 341 καὶ

1007 355 1116 395 Ἰσραὴλ
1137 354 1150 371 ¹³
1159 357 1198 395 τῷ
1221 355 1386 395 ἠγαπημένῳ
1407 356 1452 384 ὕπ’
1477 356 1568 384 αὐτοῦ.
1593 354 1670 384 Μετὰ
1693 357 1778 384 ταῦτα

1006 403 1050 432 ἐπὶ
1063 406 1111 439 τῆς
1124 405 1173 443 γῆς
1186 403 1272 444 ὤφθη,
1285 404 1330 433 καὶ
1343 407 1397 437 τοῖς
1409 403 1555 443 ἀνθρώποις
1566 403 1777 443 συνανεστράφη.

1007 446 1115 483 Οἷτοςὸ
1129 450 1197 484 Θεὸς
1209 451 1300 489 ἡμῶν,
1315 450 1380 490 πρὸς
1393 449 1422 479 ὃν
1436 451 1477 479 Οὔ
1491 449 1679 489 λογισθήσεται
1692 449 1780 488 ἕτερος

1006 496 1071 536 πρὸς
1086 496 1176 531 αὐτὸν,
1190 495 1235 525 ἐπὶ
1247 497 1295 531 τ’ῆς
1314 498 1363 536 γῆς
1382 495 1474 535 ὤφθη,
1495 495 1540 525 καὶ
1557 499 1611 528 τοῖς
1632 494 1781 534 ἀνθριῖιποις

1007 541 1206 582 συνανεστράφη
1218 541 1286 580 μετὰ
1299 543 1391 570 ταῦτα.
1404 542 1487 582 Ὁρᾷς
1499 541 1548 577 τὴν
1560 540 1684 576 ἀλήθειαν
1694 542 1782 579 ἠσφα-

1007 587 1149 626 λισμένην;
1162 587 1234 627 εὈρα
1245 589 1301 620 πῶς
1312 588 1342 616 οὒ
1354 587 1444 616 δίδωσι
1453 587 1624 627 παρείσδυσιν
1635 588 1669 626 τῇ
1681 585 1780 625 πλάνῃ,

1006 634 1050 663 ἵνα
1059 633 1096 672 μὴ
1109 634 1235 667 Ἰουδαῖος
1246 633 1432 674 συκοφαντήοῃ
1443 633 1492 670 τὴν
1503 633 1639 669 ἀλήθειαν,
1648 632 1694 662 καὶ
1704 631 1781 671 εἴπῃ,

1008 679 1048 709 ὅτι
1060 682 1074 709 ὁ
1088 680 1157 713 Θεὸς
1165 679 1241 719 ὤφθη
1250 681 1288 719 τῷ
1302 680 1406 718 Μωϋσῇ
1416 691 1423 697 ·
1436 679 1511 719 ὤφθη
1523 678 1575 719 γὰρ
1588 678 1656 712 Θεὸς
1670 680 1697 708 ἐν
1711 677 1777 717 ὄρει.

1008 727 1078 766 Παρ’
1094 726 1173 756 αὐτὸν
1194 727 1242 755 οῦκ
1263 725 1334 755 ἔστιν
1355 725 1446 758 ἄλλος·
1461 724 1507 755 καὶ
1527 726 1575 754 οὔκ
1597 724 1721 754 ἐκὸάλλει
1735 723 1780 753 τὸν

1006 772 1118 812 Πατέρα
1138 774 1185 808 τῆς
1207 774 1296 808 θεϊκης
1310 771 1392 806 ἀξίας.
1406 770 1503 811 Πατὴρ
1524 771 1569 800 ἐὰν
1582 771 1667 810 κληθῇ
1683 770 1780 809 μόνος,

1008 818 1116 859 ἐξορίζει
1137 818 1183 848 τὸν
1206 818 1270 848 Υἱὸν
1292 819 1340 853 τῆς
1364 818 1392 847 ἐν
1415 819 1454 857 τῷ
1476 816 1608 856 ἀξιώματι
1627 815 1781 852 κοινωνίας

1009 864 1094 894 ’Όταν
1116 865 1181 904 λέγῃ
1203 867 1217 894 ὁ
1236 864 1305 898 Θεὸς
1313 886 1321 900 ,
1344 864 1423 893 αὐτὸν
1444 858 1511 893 εἶναι
1532 863 1578 893 καὶ
1597 862 1675 902 μόνον
1690 862 1782 898 ἕνα,ὁ

212 910 362 949 sphemiam
376 911 510 951 apparas?
522 910 606 940 Idolis
625 911 699 939 Deus
717 920 769 939 non
782 909 829 939 dat
843 910 957 949 gloriam
965 935 1000 955 ΔΜ
1008 911 1120 951 Πατὴρ,
1134 910 1152 947 ἢ
1166 913 1181 940 ὁ
1194 911 1267 947 Υἱὸς,
1280 913 1309 940 οὗ
1324 910 1373 947 τὴν
1388 910 1456 940 ἰδίαν
1480 912 1599 950 ἀρνεῖται
1612 911 1661 944 τῆς
1680 907 1782 949 φύσεως

212 968 303 994 suam;
322 968 356 986 an
371 967 460 996 neque
477 956 502 986 ei
518 956 566 985 dat
586 967 667 994 quem
685 956 798 995 genuit?
817 957 871 986 Dat
887 964 959 986 certe
973 963 993 985 Α
1008 957 1166 993 οἰκειότητα.
1180 958 1242 997 Οὐχ
1255 959 1269 986 ὁ
1283 956 1380 996 Πατὴρ
1399 956 1444 986 τὸν
1456 956 1521 986 Υἱὸν
1546 955 1688 991 exedum,
1703 956 1755 995 οὔχ
1766 956 1782 984 ὁ

212 1013 264 1031 non
275 1002 425 1032 secundum
436 1002 560 1042 gratiam,
571 1001 619 1030 sed
628 1001 776 1031 seeundum
788 1009 890 1031 natura}
900 1012 960 1031 oon-

213 1050 336 1079 sortium.
355 1048 436 1079 Unde
453 1059 517 1078 vero
536 1047 734 1077 demonstratur
746 1048 886 1078 Christum
898 1048 958 1088 glo-

197 1095 280 1132 ¹riam
297 1095 383 1124 Patris
401 1094 539 1134 accipere?
550 1094 595 1123 Ait
605 1094 677 1123 onim
690 1094 850 1124 :Gloriam
865 1105 958 1124 meam

212 1145 300 1173 alteri
319 1154 376 1173 non
390 1144 476 1173 dabo.

257 1423 285 1450 7.
302 1421 376 1450 Audi
389 1420 457 1460 quid
471 1420 527 1461 ipse
543 1420 669 1450 Servatur
683 1430 744 1449 cum
758 1420 886 1460 apostolis
899 1420 959 1450 dis-

217 1477 307 1497 serens
329 1467 511 1497 dicatzcum
531 1468 646 1495 venerit
666 1467 765 1496 Filius
787 1468 914 1496 hominls
928 1469 959 1496 in
975 1475 992 1498 B

216 1514 312 1551 gloria
332 1514 433 1542 Patris
446 1514 491 1542 sui
497 1524 511 1550 ;
523 1519 665 1552 postquam
679 1513 725 1541 ille
742 1513 819 1552 prius
835 1513 958 1550 dixisset,

219 1560 353 1589 Gloriam
371 1569 465 1588 meam
482 1559 571 1588 alteri
591 1569 651 1587 non
665 1559 752 1588 dabo.
768 1559 894 1589 Scrutare
914 1559 959 1588 di-

215 1613 300 1642 ctum,
315 1612 342 1635 et
355 1605 476 1634 invenies
494 1614 612 1634 sensum.
634 1605 770 1634 Gloriam
787 1615 892 1642 meam,
906 1615 960 1635 non

214 1651 371 1689 dixit‚Filio
382 1661 442 1680 meo
456 1660 509 1680 non
523 1650 604 1687 dabo,
617 1649 674 1685 sed,
686 1650 787 1679 Alteri
799 1661 859 1679 non
870 1651 957 1680 dabo.

216 1698 339 1728 Alterum
350 1704 440 1727 autem
453 1704 493 1726 est
506 1696 535 1726 id
549 1696 623 1736 quod
636 1702 675 1725 est
688 1696 806 1726 alienum
820 1707 835 1725 a
849 1707 960 1727 consor·

215 1745 265 1781 tio,
281 1751 307 1773 et
320 1755 335 1773 a
347 1751 444 1773 natura
461 1750 630 1783 separatum;
645 1742 734 1772 Filius
751 1749 841 1772 autem
855 1753 908 1773 non
921 1750 961 1773 est

180 1791 385 1837 *zalteeram
406 1792 470 1830 Ego
489 1796 518 1819 et
531 1790 623 1818 Pater
642 1799 735 1818 unum
755 1800 866 1819 sumus.
881 1789 961 1819 Clare

217 1847 281 1877 ergo
295 1837 506 1865 demonstratum
523 1842 573 1871 est,
587 1834 668 1871 illud,
684 1836 722 1864 Ut
743 1841 922 1875 cognoscant
933 1842 962 1865 te

217 1884 313 1915 solum
340 1892 443 1912 verum
467 1882 562 1911 Deum
578 1903 586 1917 ‚
614 1886 667 1910 non
694 1882 799 1911 auferre
828 1892 843 1910 a
867 1882 960 1918 Filio,

217 1940 274 1959 esse
307 1939 402 1958 verum
434 1929 532 1957 Deum.
566 1927 607 1956 Ne
646 1926 772 1966 repudies
813 1929 962 1957 sermonem'

217 1987 279 2006 cum
290 1975 435 2010 calumnia,
446 1974 523 2013 quasi
534 1984 627 2003 sensus
638 1981 777 2013 suspectus
790 1975 901 2004 relictus
910 1975 959 2004 sit:

217 2022 246 2052 id
259 2021 334 2061 quod
347 2021 418 2061 passi
430 2027 492 2049 sunt
505 2020 616 2059 quidam
629 2030 644 2048 e
657 2020 785 2049 fratribus
805 2021 876 2050 circa
892 2020 960 2050 cali-
976 2035 995 2059 C

217 2078 287 2097 cem.
304 2069 342 2096 Ae
355 2066 378 2096 si
397 2066 468 2094 enim
482 2065 610 2094 sententia
632 2065 793 2094 solutionem
812 2075 865 2094 non
888 2076 962 2095 acce-

218 2114 318 2154 pisset,
333 2113 372 2142 sic
392 2111 588 2141 accusationem
609 2110 768 2140 intulerunt.
791 2112 861 2141 Nam
879 2111 961 2140 dixe-

220 2167 283 2189 runt
295 2172 301 2188 :
313 2159 475 2198 Suspensum
493 2163 519 2186 et
537 2156 680 2185 sublimem
703 2156 813 2195 reliquit
832 2156 962 2195 disquisi-

219 2206 327 2235 tionem.
350 2202 426 2241 Quid
446 2209 546 2238 autem,
561 2202 667 2238 fratres,
678 2202 795 2241 amplius
817 2202 963 2232 dicendum

221 2250 398 2291 suppetebat?
419 2248 487 2289 quid
499 2248 577 2289 prius
599 2247 679 2276 dictis
692 2247 782 2277 deerat
801 2248 836 2276 ad
850 2247 962 2278 demon*

222 2295 397 2327 strationem?
419 2294 511 2325 Primo
538 2292 665 2332 quidem,
689 2293 720 2321 Si
743 2293 881 2332 possibile
902 2300 962 2332 est,

222 2349 355 2374 transeat
364 2353 384 2371 ιι
394 2351 439 2370 me
448 2341 529 2370 calix
540 2342 594 2369 iste
603 2353 612 2369 :
623 2346 648 2368 et
658 2338 692 2368 ad
705 2339 731 2368 id
745 2339 820 2378 quod
829 2350 877 2379 per
888 2340 964 2369 illam

219 2391 365 2421 dictionem
386 2386 539 2427 suggeritur
552 2385 678 2422 (videtur
701 2385 772 2414 enim
793 2385 876 2415 dictio
893 2397 962 2426 sup-

255 2457 268 2475 1.
286 2454 440 2487 ἠγαπημένῳ,
448 2451 549 2476 dilecto.
556 2451 645 2483 Itaque
654 2450 732 2474 electo
741 2449 808 2483 apud
817 2451 980 2484 Augustinum

221 2495 266 2521 lib.
282 2496 291 2518 1
315 2499 404 2518 contra
418 2493 539 2516 Faustum
548 2489 722 2519 Manichaeum,
737 2499 793 2522 cap.
810 2491 852 2520 43,
865 2491 928 2514 etin
937 2490 981 2514 Vi-

223 2533 281 2567 gilio
290 2532 411 2564 Tapsensi
430 2529 474 2555 lib.
484 2531 492 2553 4
510 2534 597 2554 contra
611 2529 719 2559 Arrium,
730 2528 867 2553 Sabellium
877 2535 902 2553 et
914 2529 979 2554 Pho-

224 2574 305 2597 tinum
318 2581 343 2597 n.
364 2572 403 2601 ⁴5,
414 2575 440 2595 et
450 2567 495 2594 lib.
510 2570 519 2592 4
537 2573 626 2593 contra
638 2567 801 2593 Varimadum
814 2577 870 2601 cap.
884 2570 909 2599 ²,
926 2577 979 2593 ma-

223 2611 313 2639 nifesta
326 2610 456 2642 corruptio
468 2614 513 2634 est.
535 2606 576 2633 1b.
593 2612 767 2643 συνανεστρὰφη.
781 2607 877 2633 Pariter
888 2607 979 2635 intole—

1009 1003 1072 1036 Υἱὸς
1094 1004 1182 1032 ἀθετεῖ
1201 1002 1245 1032 τὸν
1265 1002 1377 1043 Πατέρα
1387 1015 1394 1021 ·
1410 1003 1469 1032 ἀλλ’
1485 1002 1548 1032 ὅταν
1567 1001 1602 1031 τὰ
1615 1004 1725 1031 τοιαῦτα
1737 1000 1782 1030 λέ-

1008 1060 1098 1089 γηται,
1111 1048 1176 1088 πρὸς
1189 1048 1238 1084 τὴν
1251 1048 1355 1084 πλάνην
1365 1048 1415 1084 τὴν
1428 1050 1481 1077 τῶν
1493 1048 1608 1078 εἰδώλων
1618 1049 1633 1077 ὁ
1646 1048 1731 1086 λόγος.
1745 1048 1770 1076 'l'
1773 1046 1782 1075 ί

1009 1094 1079 1124 κατὰ
1103 1096 1148 1123 τοῦ
1173 1095 1337 1133 Μονσγενσῦς
1363 1092 1534 1133 βλασφημίαν
1562 1091 1782 1127 κατασκευάζεις

1010 1140 1139 1174 Εἷδώλοις
1155 1141 1185 1170 οὐ
1204 1139 1309 1169 δίδωσιν
1324 1141 1339 1168 ὁ
1352 1139 1421 1172 Θεὸς
1432 1138 1482 1175 τὴν
1496 1138 1572 1173 δόξαν
1585 1139 1680 1173 αὐτοῦ,
1690 1137 1709 1173 ἢ
1722 1136 1782 1167 οὖδὲ

1010 1189 1049 1216 τῶ
1070 1186 1098 1221 ἐξ
1121 1188 1201 1217 αὐτου
1222 1186 1373 1226 γεννηθέντι
1396 1185 1501 1222 δίδωσι;
1521 1188 1533 1202 ⁸
1542 1185 1598 1215 Καὶ
1619 1184 1739 1219 δίδωσιν,
1751 1185 1782 1214 οὗ

1009 1233 1078 1263 κατὰ
1100 1233 1194 1275 χάριν,
1210 1232 1280 1262 ἀλλὰ
1293 1233 1338 1262 καὶ
1351 1232 1422 1262 κατὰ
1442 1231 1490 1268 τὴν
1512 1233 1561 1267 τῆς
1575 1230 1677 1272 φύσεως
1690 1242 1782 1260 κοινω-

1009 1279 1075 1309 νίαν.
1087 1280 1141 1309 Καὶ
1154 1279 1233 1308 πόθεν
1247 1281 1264 1314 ἡ
1280 1278 1412 1312 ἀπόδειξις
1428 1278 1470 1308 ὅτι
1487 1277 1620 1317 λαμὸάνει
1631 1276 1709 1311 δόξαν
1722 1276 1783 1306 Πα-

1008 1325 1069 1365 ι«πρὸς
1083 1327 1096 1355 ὁ
1111 1324 1236 1365 Χριστός
1251 1320 1320 1354 Εἶπε
1333 1324 1400 1364 γάρ·
1415 1323 1518 1363 Ἑτέρῳ
1535 1323 1584 1359 τὴν
1598 1322 1674 1358 δόξαν
1689 1331 1739 1362 μου
1752 1323 1784 1352 οὗ

1012 1371 1098 1401 δώσω.

1046 1423 1140 1453 Ἄκουε
1155 1426 1212 1457 πῶς
1227 1424 1304 1458 αὐτὸς
1315 1425 1330 1453 ὁ
1341 1423 1438 1463 Σωτὴρ
1450 1422 1632 1462 διαλεγόμενος
1644 1426 1699 1455 τοῖς
1709 1422 1780 1451 ἀπο-

1009 1469 1111 1504 στόλοις
1122 1470 1205 1511 φησί·
1219 1469 1306 1500 Ὅταν
1318 1470 1381 1510 ἔλθῃ
1394 1472 1407 1499 ὁ
1419 1469 1482 1502 Υἱὸς
1495 1471 1541 1498 τοῦ
1555 1467 1694 1508 ἀνθρώπων
1707 1469 1735 1497 ἐν
1749 1469 1783 1507 τῇ

1008 1514 1070 1555 δόξῃ
1092 1518 1138 1545 τοῦ
1156 1515 1264 1556 Πατρὸς
1287 1517 1387 1545 αυτου·
1401 1514 1501 1544 ἐκείνου
1523 1513 1727 1554 προειρηκότος,
1742 1512 1784 1542 ὅτι

1009 1560 1067 1596 Τὴν
1084 1561 1158 1595 δόξαν
1174 1563 1229 1601 μοι(
1240 1561 1322 1602 ἑτέρῳ
1336 1563 1365 1591 οὗ
1381 1561 1469 1591 δώσω.
1483 1560 1644 1600 Ἐρεύνησον
1657 1559 1688 1589 τὸ
1700 1561 1784 1599 ῥῆμα,

1008 1607 1053 1636 καὶ
1067 1607 1185 1647 εὑρήσεις
1199 1608 1230 1637 τὸ
1243 1608 1339 1646 νόημα.
1360 1606 1419 1643 Τὴν
1434 1606 1510 1642 δόξαν
1525 1618 1584 1645 μου,
1597 1606 1645 1635 οὐκ
1657 1601 1732 1642 εἷπε,
1745 1606 1786 1645 τῷ

1008 1653 1066 1693 Υἱῷ
1078 1665 1127 1692 μου
1141 1655 1170 1683 οὔ
1183 1653 1270 1691 δώσω,
1286 1654 1355 1691 ἀλλ’,
1366 1652 1469 1693 Ἑτὲρῳ
1482 1653 1512 1682 οὔ
1526 1651 1611 1683 δώσω.
1626 1651 1667 1681 Τὸ
1682 1650 1709 1681 δὲ
1723 1627 1785 1681 ’ἕτε-

1010 1699 1053 1739 ρόν
1067 1701 1123 1729 ἐστι
1139 1700 1172 1730 τὸ
1185 1703 1233 1737 τ’ἥς
1255 1699 1417 1736 οἰκειότητος
1438 1699 1586 1739 ἀλλότριον,
1609 1697 1655 1728 καὶ
1668 1699 1717 1734 τῆς
1733 1697 1785 1738 φύ-

1009 1758 1074 1779 σεως
1089 1746 1323 1787 ἀπεσχοινισμένον
1335 1758 1342 1765 ·
1361 1748 1375 1776 ὁ
1398 1745 1426 1775 δὲ
1446 1744 1511 1779 Υἱὸς
1531 1746 1580 1775 οὔκ
1594 1745 1666 1775 ἔστιν
1679 1744 1767 1784 ἔτερος
1777 1756 1784 1762 ·

1009 1791 1083 1832 Ἐγὼ
1093 1792 1145 1832 γὰρ
1156 1792 1202 1822 καὶ
1212 1794 1226 1822 ὁ
1237 1792 1334 1832 Πατὴρ
1346 1792 1373 1821 ἕν
1387 1792 1476 1831 ἐσμεν.
1489 1790 1686 1821 Ἀποδέδεικται
1700 1790 1786 1820 τοίνυν

1010 1839 1113 1878 σαφῶς,
1136 1838 1183 1874 τὸ,
1206 1838 1266 1868 Ἵνα
1286 1837 1437 1877 γινώσκωσί
1457 1849 1488 1867 σε
1509 1837 1555 1867 τὸν
1569 1836 1648 1876 μόναν
1663 1835 1786 1873 ἀληθινὸν

1010 1883 1089 1921 Θεὸν,
1104 1885 1152 1914 οὔκ
1166 1884 1281 1924 ἀναίρειν
1302 1884 1333 1913 τὸ
1346 1879 1412 1912 εἶναι
1431 1883 1476 1913 τὸν
1488 1883 1553 1913 Υἱὸν
1565 1882 1635 1913 Θεὸν
1647 1881 1781 1919 ἀληθινόν.

1011 1934 1058 1971 Μὴ
1079 1934 1242 1975 συνεκὸάλῃς
1255 1934 1300 1964 τὸν
1315 1934 1392 1974 λόγον
1411 1936 1448 1968 εἰς
1462 1934 1597 1971 διαὸολὴν,
1610 1935 1646 1967 ὣς
1659 1936 1706 1963 τοῦ
1719 1933 1782 1969 νοή-

1011 1996 1093 2024 ματος
1107 1985 1238 2025 μετεώρου
1251 1985 1467 2026 καταλειφθέντος
1478 1997 1484 2003 ·
1499 1984 1564 2024 ὅπερ
1577 1983 1724 2014 πεπόνθασί
1737 1996 1783 2013 τι-

1011 2047 1053 2068 νες
1072 2036 1124 2064 τῶν
1149 2035 1268 2075 ἀδελφῶν
1285 2035 1346 2075 περὶ
1363 2038 1410 2065 τοῦ
1423 2035 1560 2076 ποτηρίου.
1574 2034 1621 2068 Ὡς
1635 2034 1687 2075 γὰρ
1706 2034 1783 2064 λύσιν

1012 2084 1050 2123 μὴ
1078 2084 1204 2118 λαὸόντος
1229 2088 1275 2114 τοῦ
1299 2085 1431 2124 νοήματος
1440 2109 1451 2123 ,
1481 2085 1563 2119 οὕτως
1589 2084 1724 2125 ἐπήγαγον
1751 2085 1785 2114 τὰ

1012 2135 1176 2175 ἐγκλήματα.
1187 2136 1323 2175 Ἐκκρεμῆ
1336 2135 1397 2175 γὰρ,
1410 2135 1489 2176 φησὶ,
1501 2135 1547 2165 καὶ
1561 2134 1693 2176 μετέωρον
1706 2135 1785 2166 κατέ-

1012 2186 1073 2214 λιπε
1086 2185 1134 2222 τὴν
1149 2184 1275 2219 ἐξέτασιν.
1290 2185 1326 2214 Τί
1341 2185 1369 2214 δὲ
1384 2181 1428 2222 ἦν,
1449 2186 1575 2226 ἀδελφοὶ,
1588 2186 1668 2216 πλέον
1682 2188 1784 2222 εἷπεῖν;

1013 2235 1040 2265 τί
1059 2235 1123 2275 πρὸς
1146 2234 1278 2268 ἀπόδειξιν
1297 2234 1350 2264 ἔδει
1371 2240 1425 2269 τοῖς
1438 2236 1638 2275 προειρημένοις
1650 2249 1659 2274 ;
1673 2237 1786 2277 Πρῶτον

1014 2286 1062 2325 μὲν
1076 2285 1136 2326 γὰρ,
1155 2287 1189 2315 Εἰ
1203 2286 1320 2321 δυνατὸν,
1334 2286 1492 2326 παρελθάτω
1512 2287 1558 2315 ἀπ’
1579 2287 1645 2325 ἐμοῦ
1657 2286 1687 2316 ιὸ
1699 2286 1786 2322 ποτή-

1017 2348 1070 2376 ριον
1082 2348 1088 2355 ·
1111 2336 1156 2366 καὶ
1180 2336 1245 2377 πρὸς
1267 2337 1298 2366 τὸ
1320 2338 1371 2367 ὑπὸ
1386 2341 1434 2374 τῆς
1456 2336 1551 2372 λέξεως
1571 2337 1785 2376 ὑποὸαλλόμενον

1017 2388 1027 2426 (
1038 2388 1109 2417 δοκεῖ
1126 2387 1178 2427 γάρ
1196 2399 1253 2421 πως
1265 2390 1282 2423 ἡ
1296 2387 1366 2422 λέξις
1381 2390 1425 2428 ὑφ’
1445 2387 1537 2428 ἑτέραν
1549 2387 1667 2422 ἐξουσίαν
1679 2387 1784 2417 τάττειν

1029 2451 1137 2476 randum
1150 2451 1279 2483 mendum,
1293 2458 1526 2488 συνανατρεφόμινος,
1543 2452 1570 2477 in
1583 2452 1679 2477 Cutem
1690 2451 1783 2484 Marci,

1029 2490 1061 2515 nd
1077 2500 1132 2523 cap.
1152 2493 1176 2523 2,
1197 2500 1261 2518 vers.
1277 2493 1317 2516 ⁴0.
1331 2490 1403 2524 Apud
1414 2490 1537 2525 Cyrillum
1548 2490 1593 2516 lib.
1608 2491 1623 2516 8
1638 2497 1728 2516 contra
1738 2492 1784 2517 Ju-

1030 2529 1122 2554 liannm
1136 2540 1161 2562 p.
1173 2531 1230 2560 286,
1243 2536 1381 2566 συνεστράφη
1389 2539 1436 2563 pro
1447 2534 1625 2566 συνανεστράφη,
1637 2536 1663 2556 et
1669 2529 1784 2564 Glaphy-

1030 2579 1113 2595 rorum
1126 2571 1152 2594 in
1165 2569 1279 2595 Exodum
1292 2569 1337 2595 lib.
1351 2571 1376 2601 2,
1389 2579 1414 2603 p.
1425 2571 1481 2595 296.
1492 2569 1598 2596 Coteler.

1062 2618 1072 2628 ¹¹
1090 2608 1252 2643 [Legendum
1262 2607 1359 2635 videtur
1376 2612 1429 2641 Ναὶ,
1443 2609 1552 2641 ossuum]
