1904 2840
252 205 321 240 882
497 216 499 219 ’
748 243 754 245 ξ
852 210 934 235 orus
958 210 1194 235 iurnarsscrum

249 282 327 320 piet.-
342 289 395 309 non
418 285 448 307 ut
470 277 555 317 ipsam
569 286 636 312 rem,
656 285 738 316 quam
757 275 880 313 dimittit,
900 281 994 305 eentu-
1014 277 1034 301 Α
1054 274 1106 304 bus
1114 275 1249 316 diligitur,
1261 275 1297 305 ab
1308 275 1434 306 omnibus
1443 275 1796 318 honoratur,aquibusdam

251 320 328 359 plum
341 318 464 358 accipiat.
479 318 536 346 Nec
549 316 619 346 enim
634 315 764 356 possibile
781 323 832 353 est,
852 315 927 359 quod
947 326 994 355 pa-

251 366 317 388 trem
338 365 384 388 aut
403 364 515 387 matrem
534 356 697 395 relinquens,
722 362 828 385 eentum
846 362 936 401 patres
949 361 994 384 aut

250 405 346 427 matres
369 397 498 437 recipiat:
517 395 566 432 sed
586 395 633 433 ita,
658 401 759 425 tantam
783 395 909 435 gloriam,
934 401 994 424 tan-

249 444 304 467 tam
337 438 464 477 gratiam,
499 442 599 466 tantam
629 435 771 464 mirificam
799 434 994 474 beatitudinem

250 484 435 516 consequetur,
460 483 489 505 ut
506 475 663 515 centuplum
682 474 769 504 valeat
783 474 835 509 illi,
852 485 933 512 quam
952 484 994 503 res

250 517 312 553 fuit,
333 527 415 555 quam
432 515 546 546 dimisit.
565 516 634 545 Ecce
656 514 702 553 qui
722 514 861 553 reliquerit
880 521 992 554 patrem,

250 563 276 585 ct
289 556 399 596 elegerit
418 555 472 585 sibi
492 562 595 595 patrem
608 555 707 590 Deum,
730 554 784 583 imo
797 554 823 583 ei
835 553 897 594 plus
911 563 993 593 quam

250 596 407 641 centuplum
422 602 524 625 constat
537 594 666 634 recepisse
678 604 759 632 quam
778 600 853 634 pater
865 593 990 628 carnalis,

251 642 280 667 ut
294 635 335 664 ilh
349 635 511 674 obsequatur
521 634 618 664 diebus
636 644 667 663 ac
682 633 816 668 noctibus,
829 633 904 662 illius
916 633 994 662 faciat

249 675 427 712 voluntatem,
459 674 535 704 illius
562 679 695 713 exspectet
725 672 910 709 hereditatem,
944 672 992 712 qui

249 721 392 753 postquam
404 714 580 744 substantiam
591 723 666 743 suam
679 711 820 742 tradiderit
831 713 898 750 suis,
915 722 993 742 num-

249 764 331 792 quam
344 754 473 789 moritur;
497 753 545 783 sed
561 763 609 783 nee
626 752 758 791 relinquet
779 751 850 782 filios
872 762 935 787 suos
949 763 994 781 or-

250 794 352 833 phanos
368 805 374 822 :
390 793 439 823 sed
460 800 487 823 et
506 793 559 822 filii
572 791 648 832 quasi
665 791 775 831 perfecti
788 791 842 821 viri
856 790 994 832 possident

250 833 363 863 divitias
374 834 443 873 ejus,
458 840 483 863 et
493 839 568 873 pater
582 842 687 871 semper
701 831 764 861 illos
777 831 815 860 sic
829 838 942 868 tutatur,
955 831 994 861 sic

272 873 379 918 retegit,
398 873 475 912 quasi
493 883 598 912 semper
615 871 739 900 infantes.
756 871 811 908 Qui
825 877 939 900 matrem
952 881 992 900 re-

251 884 359 951 linquit,
371 919 402 941 ut
412 912 509 952 diligat
519 911 604 952 magis
614 918 725 940 matrem
739 910 896 945 Ecclesiam,
908 920 995 940 nonne

252 952 276 981 ei
295 952 358 992 plus
374 958 414 982 est
434 951 590 992 centuplum
606 961 688 989 quam
701 957 785 980 mater
795 950 930 980 carnalis?
942 950 994 980 Illa

252 992 323 1020 enim
335 1002 442 1021 carnem
454 991 512 1032 ejus
528 991 631 1036 peperit
643 990 821 1030 corporalem,
836 990 893 1019 haec
905 997 995 1020 autem

251 1041 368 1060 ammam
387 1042 445 1071 ejus
468 1037 634 1071 regeneravit
652 1037 788 1059 aeternam.
804 1029 900 1067 Qualis
918 1038 1009 1066 caro,·

253 1070 313 1100 talis
327 1077 353 1100 et
369 1078 452 1100 mater
466 1070 589 1100 carnalis.
605 1071 676 1100 Cum
693 1070 763 1099 euim
787 1076 893 1099 mortua
915 1070 996 1099 fuerit

253 1120 326 1147 caro,
342 1111 410 1156 perit
421 1107 554 1150 generatio
565 1109 652 1139 carnis
666 1109 735 1155 ejus,
750 1116 776 1138 et
789 1109 905 1138 solvitur
917 1120 995 1148 gene-

254 1150 365 1179 ratioms
383 1151 503 1179 affectus.
522 1150 568 1179 Ex
581 1149 631 1179 illo
643 1160 715 1179 emm
729 1159 777 1178 nee
790 1149 836 1178 ille
848 1149 890 1178 illi
909 1149 993 1186 filius,

173 1203 245 1221 cxmv
254 1199 303 1218 nec
322 1190 370 1218 illa
387 1190 429 1219 illi
447 1197 545 1219 mater:
561 1190 626 1229 quia
640 1189 727 1219 anima
748 1199 796 1218 nec
810 1195 926 1229 generat,
947 1199 996 1218 nec

256 1235 405 1267 generatur,
419 1236 445 1258 ct
460 1229 567 1258 nullum
581 1229 716 1269 cognoscit
730 1236 842 1269 patrem,
858 1228 909 1258 nisi
921 1239 996 1265 eum,

254 1269 332 1307 cujus
344 1268 479 1297 voluntate
497 1275 583 1298 creata
597 1276 635 1298 est
648 1281 655 1297 t
671 1268 774 1297 nullam
787 1268 922 1307 cognoscit
935 1279 995 1297 ma-

254 1313 333 1342 trem,
341 1307 392 1336 nisi
399 1308 557 1343 Ecclesiam,
566 1318 625 1347 quae
634 1308 710 1336 illam
719 1307 883 1345 regeneravit
892 1307 919 1336 in
930 1307 994 1342 fide,

254 1357 314 1385 quae
325 1346 401 1376 dedit
412 1348 437 1376 ei
448 1347 572 1377 mandata
581 1347 673 1377 divina
682 1357 716 1375 ex
727 1346 835 1376 duobus
844 1347 997 1375 Testamen-

254 1386 299 1422 tis,
321 1386 399 1425 quasi
417 1398 504 1417 escam
523 1387 665 1416 salutarem
685 1385 836 1414 dulcissimi
856 1385 943 1420 lactis,
963 1396 997 1415 ex

253 1424 360 1456 duabus
380 1426 518 1463 mamillis,
550 1436 610 1466 quae
632 1425 673 1454 illi
699 1424 734 1454 de
759 1435 827 1463 aqua
847 1431 874 1453 et
899 1424 995 1464 spiritu

254 1466 341 1495 texuit
359 1467 477 1496 tunicam
491 1465 694 1501 immortalem„
719 1474 759 1493 uae
772 1464 851 1492 illum
865 1463 900 1492 ad
931 1464 997 1493 erfe-

255 1512 328 1535 ctum
349 1506 495 1536 sanctitatis
515 1505 641 1540 adduxit,
658 1511 688 1533 ut
726 1504 805 1543 ignus
819 1503 893 1532 fieret
932 1504 997 1533 atris

255 1545 298 1574 sui
311 1546 485 1575 substantiam
496 1544 641 1584 possidere.
657 1543 711 1580 Qui
725 1542 864 1581 reliquerit
877 1543 996 1578 fratrem,

257 1592 286 1614 ut
300 1585 396 1614 habeat
408 1585 546 1614 Christum
560 1585 679 1619 fratrem,
695 1592 781 1611 nonne
795 1581 892 1611 melior
908 1588 947 1611 est
960 1582 995 1620 ei,

277 1636 336 1654 uam
347 1632 454 1654 centum
466 1625 569 1658 fratres,
585 1623 631 1662 qui
644 1622 772 1652 fratribus
787 1621 843 1650 suis
857 1632 909 1650 non
924 1621 996 1651 iuvi-

255 1635 310 1700 det,
324 1664 371 1703 qui
387 1675 467 1704 super
481 1663 627 1693 hereditate
645 1673 697 1692 non
711 1668 803 1697 certat,
824 1661 871 1701 qui
887 1668 996 1701 propter

256 1704 363 1734 lucrum
376 1714 427 1733 non
445 1703 547 1744 rumpit
563 1701 737 1732 fraternitatis
749 1701 869 1736 affectus,
882 1701 930 1739 qui
943 1711 997 1730 non

255 1744 344 1773 solum
355 1743 445 1773 omnia
456 1754 514 1778 sua,
530 1742 577 1772 sed
588 1743 667 1772 etiam
675 1742 798 1781 seipsum
810 1739 875 1769 dare
888 1748 997 1780 paratus

254 1790 313 1813 est:
329 1784 376 1822 qui
397 1793 458 1812 cum
477 1783 565 1812 omnia
583 1781 697 1819 dederit,
722 1780 792 1809 nihil
805 1780 829 1809 ei
844 1780 996 1810 minuitur?

255 1824 326 1852 Nam
345 1823 460 1852 humana
484 1822 631 1852 substantia
653 1831 757 1889 semper
779 1830 881 1859 pauper
901 1826 951 1856 est,
972 1827 999 1850 et

255 1865 428 1901 quantumvis
439 1862 519 1891 homo
530 1861 663 1897 habuerit,
679 1861 706 1889 ni
729 1860 748 1888 il
762 1870 789 1888 se
800 1866 876 1899 putat
886 1859 996 1889 habere.

256 1903 306 1931 Illa
325 1909 414 1931 autem
441 1901 588 1931 substantia
605 1901 661 1930 sola
682 1910 744 1929 vera
767 1906 816 1934 est,
837 1910 896 1938 quae
921 1910 998 1929 omne

255 1942 421 1971 desiderium
444 1942 530 1978 satiat,
555 1947 581 1970 et
601 1939 690 1969 adhuc
712 1939 921 1979 superabundat.
944 1940 999 1976 Qui

257 1982 386 2020 relinquit
405 1991 520 2016 sorores,
543 1980 633 2009 statim
656 1990 719 2009 eum
742 1978 891 2023 suscipiunt
908 1979 998 2018 gratiae

257 2022 320 2057 Dei,
336 2021 412 2059 quasi
422 2020 565 2049 carissimae
577 2030 691 2048 sorores.
703 2019 762 2048 Non
776 2028 847 2047 enim
858 2019 913 2047 ulla
923 2029 999 2048 soror

255 2061 296 2089 sic
308 2060 424 2089 dulciter
437 2059 623 2099 complectitur
638 2059 745 2087 fratrem
759 2068 849 2093 suum,
863 2058 998 2097 quomodo

255 2099 350 2139 gratiae
366 2099 417 2128 Dei
431 2099 645 2138 complectuntur
658 2098 774 2127 animam
789 2104 920 2127 sanctam:
935 2107 998 2127 nam

280 2139 381 2168 uotiens
393 2138 484 2178 gratiae
499 2138 549 2167 Dei
562 2138 589 2167 in
600 2138 719 2167 sensibus
733 2137 829 2166 nostris
849 2137 961 2174 liaerent,
973 2144 1001 2167 et

255 2150 391 2208 delectant
410 2188 468 2214 nos,
494 2178 616 2217 quotiens
636 2177 736 2206 animas
758 2183 860 2206 nostras
882 2177 1000 2216 comple-

259 2225 379 2255 ctuntur,
394 2219 471 2257 quasi
484 2217 600 2247 osculari
613 2217 751 2247 videntur.
778 2216 808 2246 Si
834 2217 904 2246 {ilios
918 2216 1000 2245 dimi-

259 2258 334 2294 serit,
354 2256 478 2298 providet
502 2257 545 2286 illi
564 2258 637 2286 Deus
657 2256 728 2285 filios
748 2256 910 2295 spirituales,
933 2267 1000 2295 quos

260 2297 362 2333 doceat,
387 2307 454 2335 quos
473 2296 590 2332 erudiat,
605 2303 630 2325 et
642 2296 741 2335 quibus
764 2295 834 2325 dicat
855 2296 1000 2335 apostolica

111 2352 135 2366 u.
152 2342 205 2363 cor.
226 2342 249 2370 4.
259 2347 326 2366 voce
336 2349 343 2365 :
355 2337 434 2366 Nam
443 2337 475 2364 in
488 2337 602 2366 Christo
612 2336 682 2365 Jesu
692 2345 744 2375 per
756 2336 938 2374 evangelium
948 2346 999 2375 ego

111 2375 150 2397 «5.

262 2387 316 2406 vos
338 2378 426 2416 genui
436 2388 444 2404 τ
461 2376 507 2414 qui
529 2375 613 2415 patris
631 2382 743 2404 mortem
763 2384 815 2403 non
836 2382 997 2414 exspectant.

262 2417 330 2445 Nam
343 2415 394 2444 filii
407 2416 536 2452 carnales,
549 2415 572 2446 si
583 2414 717 2444 modicum
729 2421 802 2454 pater
814 2424 906 2443 corum
921 2415 1002 2444 fuerit

262 2466 353 2493 senex,
373 2455 516 2485 taediantur
529 2454 563 2484 de
581 2455 637 2484 vita
651 2454 753 2494 ipsius;
773 2453 925 2483 desiderant
941 2464 1002 2483 eum

262 2495 345 2524 mori:
359 2502 385 2524 et
394 2494 417 2523 si
431 2495 483 2524 cito
501 2501 624 2524 mortuus
644 2504 698 2523 non
720 2493 811 2529 suerit,
832 2500 1003 2523 contemnunt

262 2545 324 2564 eum
335 2534 412 2574 quasi
420 2534 548 2564 delirum.
564 2533 630 2563 Filii
641 2540 730 2563 autem
739 2533 892 2573 spirituales
903 2540 1002 2571 quanto

263 2574 432 2614 perfectiores
446 2574 544 2603 fuerint
555 2574 583 2603 in
596 2572 660 2608 fide,
674 2579 747 2602 tanto
757 2573 874 2613 amplius
885 2572 1003 2612 diligunt

263 2613 396 2644 doctorem
405 2624 493 2644 suum.
509 2614 539 2643 Si
550 2613 662 2643 dimittit
671 2613 854 2651 substantiam,
870 2612 904 2642 ab
917 2613 1003 2642 omni-

1052 322 1139 344 autem
1155 323 1181 345 et
1195 316 1315 345 timetur.
1329 317 1400 346 Nam
1411 316 1469 356 ipse
1482 319 1566 354 Deus,
1576 319 1621 347 cui
1633 329 1661 349 se
1674 320 1796 356 tradidit,

1051 353 1097 399 dat
1111 355 1135 384 ei
1151 355 1262 395 gratiam
1276 366 1365 385 coram
1385 357 1520 387 omnibus.
1540 358 1635 388 Nonne
1647 358 1744 389 melius
1755 367 1796 390 est

1051 404 1076 422 ei
1093 394 1154 432 hoc,
1170 406 1250 434 quam
1265 395 1390 426 universa
1403 397 1494 426 terra?
1507 404 1555 426 aut
1573 408 1633 437 quae
1647 399 1795 429 substantia

1051 441 1158 472 praestat
1184 434 1287 464 homini
1315 441 1416 465 tantam
1441 435 1555 475 gloriam
1579 448 1661 477 super
1686 445 1794 475 terram,

1024 488 1028 493 ·
1050 480 1150 511 quanta
1170 481 1209 504 est
1235 474 1327 515 opinio
1348 475 1518 505 sanctitatis?
1538 476 1636 506 Adhuc
1655 487 1705 522 pro
1728 478 1795 507 sub-

1049 512 1146 543 stantia
1172 521 1275 544 terrena
1305 514 1386 544 datur
1409 515 1434 544 ei
1461 515 1607 546 substantia
1630 517 1795 557 spiritualis,

1051 553 1232 593 quanijunior
1244 554 1319 583 filius
1333 561 1359 583 et
1373 554 1490 584 lascivus
1503 556 1604 596 aceepit
1616 567 1631 585 a
1645 563 1720 596 patre
1733 567 1793 595 suo,

1051 598 1077 636 et
1090 594 1235 622 consumsit
1257 593 1375 624 vivendo
1396 594 1545 632 luxuriose,
1571 596 1599 625 id
1613 602 1664 631 est,
1688 597 1797 636 sapien·-

1050 637 1127 669 tiam,
1143 633 1291 670 scientiam,
1306 641 1466 672 caeterasque
1476 634 1590 665 virtutes
1608 635 1796 666 innumerabi—

1050 671 1100 709 les,
1124 682 1190 710 quas
1210 679 1411 713 consequuntur
1435 674 1482 712 qui
1507 674 1608 704 relictis
1624 675 1797 705 facultatibus

1050 711 1236 742 mundialibus
1249 724 1276 742 sc
1290 713 1458 743 tradiderunt
1469 714 1536 743 Deo.
1549 715 1599 744 50.
1618 714 1708 744 Multi
1718 717 1796 744 enim

1050 758 1136 779 erunt
1144 755 1294 782 novissimi
1299 755 1398 792 primi,
1407 760 1433 782 el
1437 754 1526 791 primi
1535 755 1695 783 novissimi.
1706 754 1796 784 Prima

1050 790 1121 819 enim
1135 801 1270 836 synagoga
1283 800 1373 822 vocata
1391 793 1477 822 fuerat
1491 792 1525 822 ad
1546 793 1671 832 salutem,
1685 793 1733 823 sed
1745 793 1796 833 illa

1050 829 1218 860 infidelitatis
1231 832 1299 861 vitio
1311 837 1466 871 aegrotante;
1484 832 1512 861 in
1531 832 1612 862 domo
1634 833 1718 874 patris
1739 834 1794 872 sui,

1050 868 1080 898 id
1092 876 1132 899 est
1145 870 1222 910 legis,
1242 871 1363 901 Ecclesia
1380 882 1493 911 surgens
1506 871 1540 901 de
1554 872 1710 902 infirmitate
1732 883 1796 914 pec-

1051 915 1171 938 catorum
1184 921 1297 940 suorum
1317 911 1437 941 cucurrit
1456 911 1492 940 ad
1509 912 1661 949 Christum,
1686 912 1796 943 vincens

1050 947 1105 977 fide
1117 948 1284 989 languorem,
1299 958 1325 980 et
1338 951 1377 981 sic
1392 951 1574 981 transmissam
1587 952 1794 993 gratiam'syna-

1051 998 1126 1032 gogae
1146 989 1224 1028 praeri
1246 990 1295 1019 uit.
1316 990 1460 1031 Synagoga
1480 998 1569 1020 autem
1583 991 1678 1021 videns
1701 991 1796 1022 Eccle-
1819 995 1821 997 '

1051 1038 1120 1056 siam
1132 1037 1184 1058 non
1195 1039 1224 1058 so
1239 1040 1283 1058 um
1304 1030 1339 1059 ab
1363 1030 1517 1059 infirmitate
1535 1041 1584 1060 sua
1602 1038 1732 1067 sanatam,
1747 1031 1795 1061 sed

1051 1067 1132 1096 etiam
1149 1076 1256 1108 accepto
1269 1069 1373 1109 Spiritu
1395 1076 1486 1099 saneto
1506 1069 1591 1099 filiam
1611 1071 1663 1100 Dei
1685 1070 1793 1108 factam,

1051 1107 1160 1137 accessit
1178 1115 1204 1137 et
1217 1109 1274 1149 ipsa
1288 1108 1321 1138 acl
1336 1108 1487 1146 Christum,
1504 1109 1589 1149 magis
1608 1110 1665 1140 zelo
1684 1117 1795 1150 urgente

1051 1157 1133 1184 quam
1145 1147 1217 1177 fide:
1229 1148 1297 1177 sicut
1310 1147 1378 1178 dicit
1390 1147 1548 1188 Apostolus,
1562 1148 1620 1178 Sed
1634 1159 1734 1179 eorum
1747 1151 1794 1180 de—
1804 1158 1872 1180 an.
1895 1166 1902 1182 ι

1052 1186 1124 1216 licia
1141 1187 1223 1216 salus
1244 1190 1387 1228 gentibus,
1407 1194 1439 1217 ut
1457 1189 1524 1218 illos
1545 1189 1729 1220 aemulentur.
1748 1189 1795 1220 Sic
1807 1195 1846 1212 ¹¹·

1051 1235 1198 1266 synagoga,
1218 1238 1278 1266 quae
1298 1228 1386 1268 primo
1407 1227 1467 1259 loco
1490 1234 1582 1258 vocata
1604 1235 1653 1263 est,
1678 1228 1796 1259 secundo

1051 1265 1165 1295 credidit
1178 1278 1185 1294 :
1198 1267 1328 1304 Ecclesia,
1343 1278 1403 1306 quae
1416 1267 1534 1297 secundo
1549 1268 1706 1306 vocabatur,
1718 1269 1796 1298 salu-

1050 1305 1084 1334 tis
1096 1305 1228 1345 primitias
1239 1306 1359 1340 obtinuit
1367 1307 1441 1347 apud
1455 1308 1555 1337 Deum.

1193 1409 1326 1438 Homilia
1342 1410 1445 1438 xxxiv.
1462 1420 1499 1439 ex
1515 1419 1581 1450 cap.
1603 1422 1656 1441 xx·

1093 1503 1123 1530 1.
1144 1501 1245 1530 Simile
1264 1507 1307 1531 est
1323 1511 1443 1542 regnum
1463 1502 1601 1533 coelorum
1616 1505 1729 1534 homini
1745 1517 1799 1547 pa-

1053 1541 1235 1582 trifamilias,
1252 1543 1305 1581 qni
1322 1543 1394 1571 exiit
1411 1543 1506 1581 primo
1525 1553 1612 1572 mane
1638 1545 1799 1576 conducere

1053 1582 1200 1619 operarios
1221 1582 1252 1609 in
1276 1582 1396 1610 vineam
1415 1591 1510 1610 suam.
1537 1584 1566 1612 9.
1599 1584 1800 1616 Conventione

1053 1625 1150 1648 autem
1159 1620 1247 1660 faeta
1261 1631 1326 1649 cum
1342 1622 1474 1659 operario
1488 1631 1522 1650 ez
1542 1622 1664 1652 denario
1678 1625 1797 1661 diurno,

1054 1660 1131 1688 misit
1155 1670 1204 1688 eos
1226 1662 1258 1688 in
1279 1661 1402 1689 vineam
1427 1670 1522 1690 suam.
1546 1663 1576 1692 5.
1602 1665 1644 1693 Et
1668 1674 1798 1704 egressus

1053 1700 1132 1728 circa
1142 1700 1245 1729 horam
1257 1701 1472 1735 terliam‚'vidit
1485 1701 1561 1730 alios
1572 1709 1682 1732 stantes
1689 1704 1799 1745 inforo

1053 1740 1170 1775 otiosos,
1186 1741 1215 1768 4.
1233 1746 1260 1768 et
1275 1740 1351 1768 dizit
1362 1740 1441 1768 illis.-
1455 1742 1501 1769 Ite
1512 1747 1541 1770 et
1553 1752 1608 1772 vos
1628 1745 1660 1772 in
1677 1746 1799 1774 vineam

1054 1788 1159 1813 meam,
1186 1786 1213 1808 et
1235 1779 1315 1819 quod
1334 1774 1448 1819 jicstum
1464 1781 1574 1821 suerit,
1601 1782 1678 1812 dabo
1703 1784 1797 1813 vobis.
1846 1799 1853 1802 -

1054 1819 1083 1848 5.
1094 1819 1146 1847 Illi
1157 1825 1253 1848 autem
1264 1820 1409 1848 abierunt.
1422 1822 1533 1849 Iterum
1541 1828 1637 1851 autem
1643 1825 1714 1852 exiit
1721 1825 1800 1853 circ'a

1055 1859 1157 1886 horam
1177 1865 1290 1887 sextam
1311 1865 1339 1888 et
1362 1869 1483 1897 nonam,
1508 1866 1536 1889 et
1556 1861 1628 1898 feeit
1652 1864 1795 1893 similiter.

1055 1899 1084 1927 6.
1111 1898 1198 1927 Circa
1219 1899 1405 1928 undecimam
1433 1910 1506 1929 vero
1529 1895 1612 1936 esziit,
1637 1908 1666 1932 et
1687 1904 1801 1933 invenit

1056 1937 1131 1966 alios
1140 1944 1260 1974 stantes,
1273 1944 1301 1968 et
1312 1939 1384 1968 dicit
1396 1939 1457 1968 illis
1467 1951 1475 1967 .·
1491 1940 1570 1978 Quid
1582 1942 1630 1970 hic
1641 1942 1726 1972 statis
1738 1949 1799 1972 tota

1055 1977 1103 2005 die
1115 1979 1220 2006 otiosi?
1232 1979 1261 2007 ’1.
1279 1979 1390 2007 Dicunt
1408 1980 1446 2014 ei,
1469 1980 1547 2019 Quia
1567 1991 1653 2010 nemo
1665 1992 1718 2011 nos
1731 1993 1799 2012 con-

1055 2017 1150 2045 duxit.
1167 2018 1247 2047 Dicit
1259 2018 1337 2047 illis:
1354 2020 1399 2047 Ile
1410 2023 1439 2047 ee
1454 2029 1506 2048 vos
1519 2021 1551 2047 in
1562 2022 1682 2050 vineam
1693 2032 1798 2052 meam.

1056 2055 1084 2085 8.
1101 2057 1174 2085 Cum
1188 2067 1252 2086 sero
1277 2063 1374 2086 autem
1378 2057 1500 2097 sactum
1518 2066 1603 2096 esset,
1619 2061 1690 2089 dicit
1708 2062 1800 2091 domi-

1057 2105 1112 2124 nus
1123 2098 1218 2125 vineoe
1224 2100 1406 2136 procuratori
1417 2106 1470 2126 suo
1479 2110 1487 2126 .·
1503 2099 1534 2127 V
1530 2108 1584 2128 oca
1593 2101 1752 2138 operarios,
1771 2108 1800 2130 et

1056 2135 1144 2164 redde
1167 2136 1229 2165 illis
1243 2136 1415 2170 mercedem,
1434 2137 1576 2176 incipiens
1596 2149 1616 2167 a
1637 2141 1799 2170 novissimis

1057 2184 1149 2214 usque
1162 2176 1203 2204 ad
1213 2178 1331 2214 primos.
1349 2176 1380 2211 9,
1401 2176 1475 2205 Cum
1495 2179 1643 2207 venissent
1660 2189 1728 2220 ergo
1747 2182 1799 2220 qui

1056 2215 1135 2242 circa
1147 2216 1330 2244 undecimam
1342 2216 1445 2244 horam
1455 2223 1610 2255 venerant,
1625 2227 1801 2258 acceperunt

1055 2255 1186 2294 singulos
1201 2255 1346 2284 denarios.
1361 2256 1409 2284 10.
1426 2256 1580 2287 Venientes
1595 2264 1692 2288 autem
1703 2265 1732 2288 et
1739 2261 1800 2299 pri-

1058 2295 1108 2326 mi,
1121 2296 1256 2323 arbitrati
1267 2301 1335 2324 sunt
1346 2296 1425 2334 quod
1443 2295 1512 2334 plus
1524 2304 1618 2326 essent
1631 2301 1779 2338 accepturi
1786 2311 1798 2328 .-

1057 2340 1228 2372 acceperunt
1249 2340 1347 2363 autem
1372 2341 1400 2364 et
1424 2336 1479 2375 ipsi
1498 2337 1628 2376 singulos
1650 2335 1796 2368 denarios.

1058 2374 1105 2402 11.
1133 2374 1171 2403 Ει
1203 2376 1375 2413 accipientes
1407 2377 1631 2405 murmurabant
1661 2378 1799 2407 adversus

1054 2414 1312 2454 patremfamilias,
1341 2416 1390 2444 tn.
1418 2415 1563 2445 dicentes.-
1578 2417 1622 2445 Ηί
1650 2418 1802 2447 novissimi

1056 2463 1117 2481 una
1141 2454 1214 2482 hora
1222 2455 1375 2495 fecerunt,
1396 2461 1424 2484 et
1443 2464 1529 2494 pares
1551 2455 1619 2485 illos
1644 2458 1727 2486 nobis
1749 2457 1798 2496 fe-

1056 2493 1130 2527 cisti,
1151 2495 1202 2532 qui
1220 2495 1400 2532 portavimus
1421 2494 1536 2533 pondus
1555 2495 1615 2524 diei
1636 2502 1664 2524 et
1688 2491 1798 2526 aestits?

1057 2532 1105 2561 15.
1123 2532 1169 2560 At
1182 2533 1234 2562 ille
1244 2534 1419 2572 respondens
1430 2535 1481 2563 uni
1494 2544 1604 2572 eorum,
1615 2535 1705 2565 dixit.-
1716 2536 1799 2566 Ami-

1057 2581 1099 2606 ce,
1117 2583 1176 2601 non
1183 2573 1270 2613 facio
1293 2574 1345 2602 tibi
1362 2575 1520 2614 injuriam.-
1535 2584 1632 2603 nonne
1649 2585 1686 2604 ex
1706 2577 1798 2605 dena-

1057 2612 1100 2639 rio
1119 2613 1277 2642 convenisti
1300 2615 1432 2642 mecum?
1451 2614 1500 2643 u.
1522 2614 1604 2644 Tolle
1617 2616 1698 2654 quod
1717 2623 1797 2645 luam
