1890 2826
205 168 276 211 428

533 177 562 200 S.
591 176 731 200 JOANNIS
758 175 942 199 CHRYSOST.
972 175 1126 200 ARCHIEP.
1155 179 1428 203 CONSTANTINOP-

205 251 266 270 rum
294 240 365 270 155.
388 238 476 268 Filius
496 248 560 268 vero
580 238 639 278 ejus
660 238 760 267 Tobias
781 237 809 267 in
828 236 950 267 Mediam
1000 236 1058 265 πὼν
1071 238 1184 268 ἀπέθανε
1202 240 1304 270 ἐτῶν*
1287 253 1324 270 ων
1337 241 1397 280 ρνε’.
1412 241 1446 271 Ὁ
1459 241 1486 271 δὲ
1507 242 1561 276 υἱὸς
1582 245 1661 273 αὐτοῦ
1676 244 1777 279 'loeta

205 285 343 326 migravit,
361 285 409 314 ubi
422 283 528 314 tandem
548 283 660 324 sepultis
674 294 764 313 socero
779 290 806 313 et
823 294 912 319 socru,
925 288 951 311 et

206 332 240 361 de
258 332 292 362 N
285 342 364 363 imvae
377 330 483 361 excidio
495 337 618 370 percepta
632 331 703 360 fama
716 337 838 360 mortuus
851 336 890 359 est
900 339 950 358 an-
969 335 986 356 n

206 380 316 407 norumi
323 379 373 408 07.
389 376 446 407 Et
438 387 464 406 m
478 376 534 405 haec
546 375 645 406 desinit
657 376 763 413 liber.

468 526 550 545 LIBER
574 525 691 546 JUDU‘R.

246 609 298 639 Hic
318 609 387 638 liber
401 609 417 638 J
421 607 498 637 udith
511 614 634 644 vocatur,
649 608 713 647 quia
726 608 798 638 filios
818 607 902 638 lsrae'i
918 608 952 636 ab

206 655 379 695 Holopherne
403 653 574 693 impugnatos
595 660 622 683 et
643 654 764 684 obsessos
773 677 781 690 ‚
801 655 875 683 Deus
893 654 953 694 ejus

207 712 287 741 opera
298 700 435 736 liberavit;
445 699 699 739 Holophernemque
707 699 850 740 percussit.
859 699 953 729 Histo-

206 747 247 776 ria
258 754 346 776 autem
358 747 410 776 hoe
418 757 446 775 se
456 746 536 775 habet
546 746 637 776 modo.
646 745 895 776 Nabuchodonosor
905 755 953 775 rex

206 793 393 833 Assyriorum,
406 803 468 822 cum
479 792 583 822 bellum
594 799 696 832 gereret
705 792 835 821 adversus
847 791 954 831 Arpha-

207 839 262 869 xad
275 850 364 879 regem
377 839 534 875 Medorum,
546 839 581 867 ab
593 839 718 868 omnibus
732 838 856 878 gentibus
870 850 955 878 usque

206 885 242 915 ad
255 886 406 926 AEgyptum
424 884 528 914 auxilia
546 884 665 924 petierat.
680 886 750 914 Cum
763 892 853 914 autem
877 895 955 915 nemo
971 894 988 917 E

206 931 342 961 auxilimn
361 931 487 968 misisset,
502 930 550 960 sed
567 930 718 960 renuissent
730 940 833 968 omnes,
847 938 955 971 postea-

206 989 288 1016 quam
307 977 416 1008 vicisset
437 983 463 1006 et
483 976 679 1016 Arphaxadum
696 976 769 1006 bello
793 984 953 1016 superasset,

207 1024 310 1053 bellum
321 1024 414 1053 intulit
425 1023 458 1052 iis
466 1024 513 1062 qui
524 1022 592 1051 nihil
602 1022 700 1052 auxilii
711 1023 838 1052 miserant
847 1035 856 1052 .-
869 1023 956 1053 misit-

207 1082 259 1110 que
270 1071 470 1110 Holophernem
487 1068 617 1099 adversus
629 1079 674 1099 eos
690 1079 754 1098 curn
766 1079 864 1109 magno
874 1080 953 1100 exer-

209 1117 276 1146 citu.
289 1117 340 1147 Hic
350 1117 417 1146 alias
427 1115 539 1155 quidem
550 1126 642 1145 omnes
653 1122 743 1155 gentes
754 1116 827 1145 bello
839 1116 919 1156 cepit,
930 1125 956 1147 et

208 1163 281 1192 idola
292 1163 411 1203 ipsarum
423 1162 563 1202 confregit.
573 1161 699 1191 Israelitae
713 1169 801 1191 autem
814 1173 870 1192 sese
882 1173 956 1192 com-

207 1209 374 1245 munierunt,
389 1219 436 1238 nec
451 1208 617 1259 Hclopherni
632 1208 786 1246 obsequuti‚
802 1219 887 1248 neque
900 1210 955 1238 mi-

207 1254 250 1284 nis
261 1255 337 1284 illius
350 1253 483 1294 perterriti
503 1260 575 1283 sunt.
593 1253 708 1304 Scripsit
729 1253 819 1292 itaque
832 1254 956 1284 sacerdos

1002 282 1122 313 ἀπελθὼν
1141 286 1177 318 εἷς
1197 285 1246 322 τὴν
1261 286 1378 322 Μηδίαν,
1393 287 1437 316 καὶ
1452 287 1537 328 θάψας
1558 288 1618 323 τους
1618 290 1776 344 ’,πενθεροὺς

1003 329 1092 365 αὐτου,
1116 330 1162 360 καὶ
1183 331 1298 365 ἀκούσας
1310 332 1372 371 περὶ
1396 335 1443 368 τῆς
1464 336 1650 374 καταστροφῆς
1664 336 1775 372 Νινευὶ,

1002 373 1115 404 ἀπέθανε
1129 376 1174 405 καὶ
1188 377 1265 410 αὐτὸς
1280 379 1327 418 ρζ.
1311 377 1438 408 ’.ἐτῶν”
1420 391 1466 408 (ιν.
1483 379 1536 408 Καὶ
1550 381 1577 409 ἐν
1589 379 1689 419 τούτοις
1702 381 1776 415 τέλος

1004 419 1060 459 ἔχει
1073 433 1118 450 και
1130 433 1208 452 τουτο
1219 423 1249 452 τὸ
1263 423 1376 463 βιὸλίον.

1262 530 1272 541 ³
1282 530 1386 549 ΒΙΒΔΙΟΝ
1401 530 1500 550 ΙΟΥΔΙΘ.

1046 606 1139 636 ’lausto
1154 609 1273 638 καλεῖται
1286 609 1316 639 τὸ
1330 610 1442 649 βιὸλίον,
1457 611 1548 648 ἐπειδὴ
1567 613 1779 652 πολεμουμένους

1004 652 1048 680 καὶ
1062 653 1297 693 πολιορκουμένους
1317 655 1368 685 ὑπὸ
1389 660 1436 686 τοῦ
1451 658 1611 699 Ὀλοφέρνου
1625 658 1687 693 τοὺς
1706 659 1777 694 υἱους

1005 697 1120 737 Ἰσραὴλ,
1127 701 1141 728 ὁ
1155 699 1204 729 Θε
1197 711 1223 733 ος
1236 700 1279 729 διὰ
1290 702 1339 736 τ’ἠς
1348 701 1442 732 Ἰουδὶθ
1452 703 1511 737 τοὺς
1525 703 1574 743 μὲν
1586 705 1666 739 λαους
1678 705 1776 742 ἔσωσε,

1003 744 1048 773 τὸν
1068 743 1095 773 δὲ
1111 744 1275 786 Ὀλοφέρνην
1296 747 1435 782 ἐπάταξεν.
1450 748 1486 778 Ἣ
1508 749 1535 780 δὲ
1561 750 1665 791 ἱστορία
1690 751 1778 788 αὕτη·

1006 790 1240 832 Ναίουχοδονόσορ
1259 794 1273 821 ὁ
1292 793 1417 832 βασιλεὺς
1429 796 1483 823 τῶν
1498 794 1642 836 Ἀσσυρίων
1661 796 1779 835 πόλεμον

1004 836 1072 876 ἔχων
1086 837 1151 877 πρὸς
1167 837 1297 878 Ἀρςράξαδ
1315 839 1428 878 βασιλέα
1442 841 1552 879 Μήδων,
1564 842 1649 881 ᾔτησι
1670 854 1778 882 συμμα-

1005 882 1067 922 χίαν
1089 883 1162 923 παρὰ
1186 887 1238 914 τῶν
1262 887 1341 915 ἐθνῶν
1364 886 1470 916 πάντων
1495 887 1544 922 ἕως
1562 888 1709 928 Αἰγύπτου.
1730 889 1779 926 Μὴ

1006 928 1156 958 δεδωκότων
1179 930 1207 959 δὲ
1234 932 1332 968 αὐτῶν,
1360 933 1419 962 ἀλλ’
1446 933 1640 974 ἀντειρηκότων
1664 935 1781 971 πάντων,

1006 974 1073 1012 μετὰ
1096 975 1125 1004 τὸ
1147 988 1254 1012 νικησαι
1280 977 1326 1007 καὶ
1351 978 1534 1019 περιγενέσθαι
1558 983 1604 1009 τοῦ
1630 980 1779 1021 Ἀρφάξαδ,

1006 1020 1078 1050 ἔθετο
1098 1021 1166 1050 κατὰ
1181 1033 1233 1051 των
1255 1023 1292 1061 μὴ
1315 1024 1467 1054 δεδωκότων
1481 1024 1607 1065 πόλεμον.
1633 1027 1688 1056 Καὶ
1712 1026 1779 1057 ἀπέ-

1006 1066 1092 1095 στειλε
1108 1067 1151 1096 τὸν
1166 1067 1329 1108 Ὀλοφέρνην
1354 1070 1422 1108 μετὰ
1445 1071 1580 1110 δυνάμεως
1601 1073 1702 1109 πολλῆς
1720 1075 1780 1102 κατ’

1007 1113 1103 1142 αὐτῶν.
1119 1113 1163 1142 Τὰ
1177 1113 1226 1152 μὲν
1246 1109 1290 1143 ουν
1305 1114 1374 1144 ἄλλα
1388 1115 1476 1146 πάντα
1490 1117 1551 1153 ἔθνη
1573 1117 1668 1153 ἔλαὸε,
1682 1118 1728 1148 καὶ
1747 1119 1781 1149 τὰ

1007 1157 1104 1188 εἴδωλα
1120 1161 1205 1188 αὐτων
1221 1160 1383 1201 συνέτριψεν.
1398 1163 1434 1192 Οἱ
1447 1162 1475 1192 δὲ
1496 1163 1548 1193 υἱοι
1562 1163 1673 1204 Ἰσραὴλ
1694 1166 1782 1206 ἠσφα-

1007 1205 1114 1234 λίσαντο
1133 1205 1256 1243 ἑαυτους,
1267 1207 1312 1236 καὶ
1326 1208 1376 1248 οὐχ
1392 1208 1545 1245 ὖπήκουσαν
1556 1212 1595 1250 τῷ
1617 1210 1781 1252 Ὀλοφίρνῃ,

1007 1251 1067 1280 οὔτε
1090 1251 1256 1292 ἐφοὸήθησαν
1272 1254 1351 1283 αὐτοῦ
1366 1254 1415 1290 τὴν
1436 1255 1560 1292 ἀπειλήν.
1576 1255 1611 1286 O
1635 1256 1720 1286 τοίνυν
1742 1259 1780 1287 ἱε-

205 1301 315 1332 Joakim
325 1300 430 1331 civibus
443 1299 574 1339 Betyluae,
589 1305 619 1328 ut
632 1299 705 1328 viam
717 1299 884 1339 Holopherni
903 1300 1000 1342 01)-5,38δῦ
1010 1296 1068 1337 ρευς
1082 1298 1210 1337 Ἰωακεὶμ
1232 1297 1330 1339 ἔγραψε
1349 1304 1404 1334 τοῖς
1423 1302 1450 1330 ἐν
1466 1301 1602 1342 Βετυλούᾳ
1615 1302 1712 1343 φράξαι
1733 1302 1782 1340 ἰ-ὴν

206 1354 356 1383 struerent3
370 1346 456 1376 isthac
476 1345 549 1375 enim
571 1345 621 1374 iter
644 1345 762 1374 facturus
776 1352 849 1384 erat;
866 1353 891 1376 et
904 1347 955 1376 ob-
972 1352 992 1374 Α
1007 1342 1065 1372 ὁδὸν
1078 1342 1177 1383 ἐὈλΟφ
1165 1355 1253 1383 ρνου,
1263 1345 1354 1381 ἐπειδὴ
1368 1347 1465 1376 ἐκεῖθεν
1480 1343 1512 1383 ἦν
1528 1349 1608 1378 αὐτοῦ
1620 1350 1637 1384 ἡ
1650 1349 1723 1386 ὁδὸς,
1735 1349 1781 1380 καὶ

207 1399 374 1422 struxerunt.
395 1391 580 1431 Holophernes
608 1389 691 1430 igitur
719 1391 803 1420 aciem
828 1392 957 1422 instruxit

208 1438 242 1467 ad
253 1448 383 1478 pugnam.
394 1437 493 1466 Achim-
503 1443 593 1465 autem
603 1435 728 1476 princeps
739 1437 956 1467 Ammonitarum

207 1491 300 1513 auctor
310 1491 367 1513 erat
381 1482 557 1523 Holopherni,
570 1492 603 1511 ne
614 1481 686 1520 genti
700 1482 876 1512 Hebraeorum
895 1484 954 1513 bel-

207 1531 267 1560 lum
288 1531 451 1567 inserret,eo
475 1528 550 1568 quod
575 1528 645 1557 illia
659 1527 719 1557 Deo
743 1536 955 1569 protegerentur.

206 1577 364 1616 Indignatus
384 1576 570 1615 Holophernes
590 1574 664 1604 misit
685 1585 747 1604 eum
761 1575 897 1612 Betulam,
911 1576 956 1605 in-

207 1624 317 1653 teritum
331 1622 374 1652 illi
385 1621 562 1652 comminatus
577 1621 600 1650 si
613 1620 722 1660 quando
731 1620 858 1651 Hebraeos
870 1622 957 1652 vince-

207 1677 259 1699 ret.
271 1669 372 1699 Achior
383 1669 472 1706 itaque
484 1667 512 1696 in
520 1666 616 1696 Betula
627 1666 788 1705 quiescebat.
800 1668 956 1708 Holopher-

206 1726 254 1746 nes
265 1727 330 1746 vero
353 1715 489 1746 civitatem
510 1712 661 1749 obsidebat,
677 1719 703 1742 et
713 1712 770 1752 jam
784 1724 867 1753 aquas
881 1715 957 1745 illius

207 1768 394 1802 occupaverat.
410 1762 484 1789 Cum
504 1758 547 1788 siti
558 1759 615 1798 jam
636 1759 802 1798 affligeretur
825 1761 954 1800 populus,

208 1816 234 1837 et
257 1807 391 1848 principes
417 1806 553 1837 civitatem
579 1804 706 1834 tradituri
729 1813 815 1835 essent
826 1817 835 1841 ;
859 1807 877 1837 J
879 1807 956 1837 udith

1007 1388 1131 1428 ἔ.φραξαν
1147 1389 1201 1419 Καὶ
1212 1392 1226 1419 ὁ
1241 1390 1288 1429 μὲν
1304 1391 1466 1432 Ὀλοφέρνης
1479 1394 1662 1434 παρετάσσετο
1675 1396 1712 1427 εἰς
1730 1396 1781 1425 πό-

1005 1435 1095 1473 λεμον.
1112 1435 1208 1476 Ἀχιὼρ
1223 1436 1250 1465 δὲ
1262 1439 1276 1466 ὁ
1287 1437 1432 1476 ἡγούμενος
1443 1441 1496 1468 τῶν
1515 1440 1580 1468 υἱῶν
1594 1439 1703 1479 ’Ap-paim
1717 1452 1781 1471 συν-

1006 1481 1145 1511 εὲούλευσε
1165 1484 1204 1522 τῷ
1217 1484 1363 1524 Ὀλοφέρνῃ
1378 1484 1416 1523 μὴ
1435 1486 1561 1524 πολεμεῖν
1580 1486 1611 1516 τὸ
1633 1486 1704 1520 ἔθνος
1727 1489 1781 1517 τῶν

1006 1527 1137 1567 Ἑὸραίων
1156 1528 1199 1557 διὰ
1212 1529 1242 1558 τὸ
1266 1530 1452 1570 ὓπερασπίζειν
1467 1533 1554 1561 αὐτῶν
1567 1531 1612 1562 τὸν
1627 1531 1707 1562 Θεόν.
1726 1533 1781 1563 Καὶ

1006 1573 1135 1613 ὀργισθεὶς
1161 1574 1323 1615 Ὀλοφὲρνης
1355 1575 1519 1617 ἀπέστρεψεν
1548 1577 1627 1607 αὐτὸν
1658 1579 1696 1611 εἷς
1727 1579 1781 1608 Βε-

1006 1621 1103 1655 τουλᾶ,
1116 1620 1292 1656 ἀπειλήσας’
1277 1626 1392 1662 αναιρεῖν
1406 1623 1482 1652 αὗτον
1504 1625 1528 1653 εἰ
1547 1623 1710 1664 περιγένοιτο
1727 1627 1780 1655 τῶν

1006 1665 1148 1705 Ἑὸραίων.
1162 1665 1197 1696 Ὁ
1216 1666 1264 1706 μὲν
1277 1663 1322 1696 ουν
1337 1668 1433 1709 Ἀχιὼρ
1450 1664 1483 1705 ἦν
1507 1670 1626 1700 Βετουλᾶ
1647 1671 1781 1701 ἀναπαυό-

1007 1723 1090 1748 μενος.
1107 1711 1141 1741 Ὁ
1156 1712 1183 1741 δὲ
1201 1713 1363 1754 Ὀλοφέρνης
1377 1715 1525 1755 ἐπολιόρκει
1544 1715 1593 1752 τὴν
1611 1717 1698 1752 πόλιν,
1712 1729 1781 1758 προ-

1006 1758 1165 1787 καταλαὸὼν
1187 1758 1221 1788 τὰ
1234 1758 1326 1789 ὕδατα.
1337 1759 1410 1796 Ἤδη
1424 1760 1452 1790 δὲ
1472 1763 1519 1790 τοῦ
1541 1762 1606 1792 λαοῦ
1629 1762 1782 1797 ἐκλυθέντος

1006 1802 1049 1832 διὰ
1062 1803 1093 1833 τὸ
1106 1804 1194 1844 δίψος,
1212 1804 1257 1834 καὶ
1272 1805 1421 1844 μελλόντων
1438 1807 1558 1837 ἐκδοῦναι
1575 1812 1624 1845 τὴν
1637 1807 1714 1838 πόλιν
1727 1811 1781 1838 τῶν

208 1854 336 1894 depositis
348 1852 490 1883 viduitatis
503 1851 623 1881 vestibus
636 1854 646 1888 (
660 1852 787 1880 maritum
800 1853 872 1882 enim
886 1864 957 1883 mor·
972 1863 990 1886 [ι
1007 1848 1150 1888 ἀρχόντων,
1164 1851 1259 1880 Ἰουδὶθ
1269 1851 1441 1881 ἇπθὸαλοῧσα
1461 1852 1494 1882 τὰ
1505 1855 1552 1889 τῆς
1564 1853 1674 1894 χηρείας
1685 1854 1780 1893 ἱμάτια

208 1907 288 1930 tuum
298 1900 418 1940 lugebat,
427 1906 453 1928 et
463 1897 585 1936 quotidie
593 1897 732 1937 jejunabat
743 1901 770 1934 )‚
784 1899 898 1938 seipsam
912 1900 954 1929 in-

207 1955 264 1977 star
277 1957 380 1986 sponsae
391 1944 508 1980 ornavit,
520 1950 547 1972 et
566 1943 659 1972 multis
671 1943 813 1974 adhortata
823 1946 956 1985 primores

209 1994 337 2029 civitatis,
349 2003 381 2021 ne
392 1991 528 2021 civitatem
540 1988 576 2018 ad
589 2000 672 2028 usque
684 1990 803 2029 quinque
816 1991 873 2021 dies
885 1992 955 2022 hosti

208 2040 359 2074 traderent,
373 2037 408 2067 ad
432 2036 632 2076 Holophernem
654 2046 757 2075 egressa
781 2045 830 2075 est,
847 2045 872 2067 et
893 2050 955 2068 cuin

208 2098 258 2117 sua
273 2087 352 2116 illum
364 2083 493 2124 sapientia
506 2081 663 2122 decepisset,
676 2083 753 2111 tertia
766 2083 820 2118 die,
832 2085 957 2124 ignoran-

209 2134 283 2163 tibus
303 2132 362 2172 ejus
381 2129 526 2164 militibus,
541 2128 632 2167 ipsum
655 2128 742 2167 capite
761 2131 905 2160 truncavit.
921 2132 956 2161 Et

210 2179 249 2208 sie
264 2178 375 2208 demum
401 2175 484 2210 cives,
506 2183 634 2213 suspenso
659 2173 826 2213 Holopherni
856 2177 954 2216 capite,

209 2226 299 2265 ipsum
310 2223 368 2263 ejus
381 2220 497 2251 tribunis
512 2219 694 2249 ostenderunt.
709 2220 779 2250 Hinc
792 2222 898 2262 Assyrii
911 2224 953 2253 su-

209 2267 463 2311 gerunt31srae‘litae
482 2276 548 2296 vero
570 2265 746 2304 undequaque
769 2276 955 2299 concurrentes

210 2316 336 2357 Assyrios
347 2313 526 2344 trucida11.1nt
540 2312 659 2341 Liberati
673 2311 773 2351 itaque,
787 2313 955 2354 direptisque

209 2363 329 2393 hostium
338 2360 440 2396 castris,
451 2369 511 2397 quae
521 2357 555 2387 ad
563 2357 763 2397 Holophernem
772 2359 955 2398 pertinuerant
971 2365 989 2387 C

211 2410 301 2439 omnia
310 2409 327 2438 J
330 2405 431 2436 udtthae
442 2403 586 2434 dederunt.
591 2405 654 2444 Ipsa
664 2415 728 2434 vero
738 2405 756 2434 J
758 2404 836 2434 udith
847 2407 955 2437 Jeroso—

212 2456 313 2495 lymam
325 2452 453 2493 profecta,
466 2449 554 2480 omnia
575 2449 692 2479 Domino
703 2450 813 2487 obtulit,
828 2451 953 2482 domum-

245 2566 255 2576 =
274 2558 331 2582 Haec
344 2557 402 2580 item
413 2555 471 2587 ipsis
481 2563 543 2587 pene
554 2554 635 2579 verbi„
648 2554 672 2578 in
683 2553 760 2579 altera
773 2555 889 2588 Synopsi,

1006 1894 1123 1930 (ἐπένθει
1136 1895 1187 1935 γὰρ
1201 1896 1245 1926 τὸν
1257 1896 1355 1937 ἄνδρα,
1365 1897 1410 1928 καὶ
1422 1899 1455 1927 δι’
1466 1899 1526 1929 ὅλου
1539 1899 1702 1935 νηστεύουσα
1715 1896 1747 1937 ἦν
1756 1903 1780 1938 ),

1008 1938 1153 1979 ἐκόσμησεν
1170 1941 1268 1977 ἑαυτὴν
1291 1943 1327 1975 ὡς
1349 1942 1463 1982 νύμφην,
1485 1943 1530 1972 καὶ
1543 1943 1629 1973 πολλὰ
1653 1956 1780 1984 παρακα-

1006 1984 1121 2022 λέσασα,
1138 1986 1207 2016 ὥστε
1230 1986 1268 2026 μὴ
1284 1989 1403 2017 ἐκδοῦναι
1421 1988 1471 2024 τὴν
1483 1988 1560 2019 πόλιν
1583 1989 1659 2030 ἄχρις
1672 1992 1780 2030 ἡμερῶν

1006 2030 1036 2060 ε’.
1047 2055 1054 2068 ,
1069 2031 1173 2068 ἐξῆλθεν
1186 2033 1253 2069 αὐτὴ
1268 2033 1333 2073 πρὸς
1346 2034 1391 2063 τὸν
1405 2034 1580 2075 ’(1λοφέρνην,
1590 2036 1635 2066 καὶ
1654 2038 1687 2076 τῇ
1702 2036 1781 2076 σοφίᾳ

1008 2077 1090 2113 αὐτῆς
1114 2078 1277 2114 ἀπατήσασα
1289 2080 1378 2116 αὖτὸν,
1393 2082 1426 2120 τῇ
1440 2080 1519 2121 τρίτῃ
1541 2081 1631 2123 ἡμέρᾳ
1644 2082 1779 2123 ἀπεκεφά-

1006 2125 1079 2153 λισεν
1099 2125 1176 2154 αὐτὸν
1191 2126 1242 2164 [τῇ
1271 2125 1348 2166 τρίτῃ
1373 2126 1498 2167 ἡμέρᾳ],
1519 2127 1681 2167 ἀγνοούντων
1701 2141 1780 2170 στρα-

1005 2172 1106 2200 τιωτῶν
1121 2173 1216 2208 αὐτοῦ,
1230 2172 1275 2201 καὶ
1289 2172 1358 2201 οὕτω
1381 2173 1473 2203 λοιπὸν
1494 2174 1547 2204 ἀπὸ
1569 2178 1614 2204 τοῦ
1638 2174 1742 2216 τείχους
1755 2177 1780 2205 οἱ

1005 2217 1111 2246 πολῖται
1136 2217 1287 2258 ἀφάψαντες
1307 2219 1356 2255 τὴν
1382 2219 1500 2260 κεφαλὴν
1526 2220 1701 2262 Ὀλοφὲρνου,
1725 2226 1779 2256 τοῖς

1006 2264 1085 2292 αὐτοῦ
1103 2268 1259 2303 στρατηγοῖς
1273 2265 1420 2300 ὑπέδειξαν.
1439 2265 1577 2296 Ἐντεῦθεν
1594 2269 1619 2296 οἱ
1631 2266 1643 2283 ¹²
1652 2267 1704 2308 γὰρ
1718 2267 1777 2298 Ἀσ-

1006 2308 1091 2349 σύριοι
1113 2309 1221 2350 ἔφυγον,
1245 2312 1269 2340 οἱ
1297 2311 1324 2340 δὲ
1343 2312 1394 2341 υἱοὶ
1414 2311 1524 2353 Ἰσραὴλ
1538 2313 1701 2354 πανταχόθεν
1715 2326 1779 2344 συν-

1007 2355 1150 2395 δραμόντες
1164 2355 1313 2397 κατέκοψαν
1331 2357 1391 2391 τους
1414 2357 1574 2399 Ἀσσυρίους
1598 2359 1730 2394 Σωθέντες
1750 2359 1778 2390 δὲ

1008 2405 1052 2435 καὶ
1064 2406 1254 2441 σκυλευσαντες
1273 2407 1333 2442 τους
1346 2409 1504 2448 πολεμίους,
1520 2409 1695 2447 δεδώκασιτη
1679 2411 1778 2440 ””·Ιου

1008 2455 1046 2484 δὶθ
1061 2456 1148 2485 πάντα
1160 2457 1194 2486 τὰ
1207 2461 1253 2487 τοῦ
1267 2458 1438 2498 Ὀλοφέρνου.
1453 2459 1527 2495 Αὐτὴ
1543 2459 1570 2489 δὲ
1584 2459 1677 2490 Ἰουδιθ
1693 2461 1777 2491 ἀπελ-

1049 2560 1059 2578 L
1073 2560 1081 2591 [
1093 2560 1140 2584 Pro
1153 2565 1196 2595 γάρ
1208 2560 1254 2594 leg.
1267 2563 1331 2594 μιν]
