1890 2826
550 179 582 201 ΙΝ
608 177 720 209 ILLUD,
750 176 819 199 vm!
846 175 1030 206 DOMINUM,
1060 175 1182 198 noint-

1214 175 1236 197 Ι.
1622 174 1695 208 ΙΝ)

124 243 253 284 ἁμαρτία,
266 242 284 278 ἢ
306 241 432 275 πολλάκις
449 241 494 271 καὶ
508 242 553 270 τοῦ
564 240 633 275 ἑνὸς,
652 239 700 275 τὴν
714 239 767 267 τῶν
786 235 936 284 δικαίωςόὅ
945 242 1061 276 peccata,
1088 236 1143 266 imo
1178 236 1258 265 unius
1293 245 1370 275 soepe,
1391 236 1463 275 juste
1500 233 1688 274 imperantium

123 289 286 330 κρατούντων
311 289 359 317 ὑπε
362 286 507 327 ρακοντίζει
533 285 705 326 παῤῥησίαν;
739 282 792 313 Καὶ
816 294 893 312 τουτο

123 335 203 366 πάλιν
223 333 251 368 ἐξ
270 334 350 363 αὐτοῦ
369 333 401 363 ἄν
415 345 454 366 τις
476 331 649 368 κατανοήσειε
673 332 718 359 τοῦ
733 328 852 369 Ἰσραὴλ,
866 328 893 361 ὃς

124 379 175 424 ὑπὸ
185 379 320 413 Μωΰσέιικ
332 378 584 418 δημαγωγούμενος,
611 377 690 413 ἡνίκα
704 376 769 415 πρὸς
778 374 827 411 τὴν
840 375 893 403 τῶν

124 418 277 467 ἅλλοφῦλων
291 425 426 465 παρέὅαλε
439 427 506 464 γῆν,
525 424 570 454 καὶ
583 423 631 460 τὴν
645 423 709 463 πρὸς
723 421 816 455 αὐτους
829 431 894 450 συν-

124 474 174 512 ἧρε
188 472 298 511 μάχην,
318 473 375 505 πῶς
387 483 455 505 τινες
478 472 564 501 αὐτῶν
584 469 708 508 μανέντες
722 470 758 501 εἷς
771 466 840 500 τὰς’
828 465 895 496 εκεί-

126 529 177 547 νων
194 522 333 557 γυναῖκας,
347 516 397 553 τὴν
410 516 548 556 πάνδημον
561 515 662 551 ἐκείνην
674 516 781 571 θραῦσιν
793 512 838 542 καὶ
852 511 896 546 τὸν

125 564 232 604 ὄλεθρον
242 563 460 603 κατειργάσαντο.
486 563 550 592 Ἐπὶ
564 561 619 595 ἑνὸς
629 561 658 590 δὲ
671 560 701 590 τὸ
713 562 816 589 τοιοῦτο
830 569 897 601 συμ-

127 609 240 646 6έ6ηκεν
249 621 256 628 ·
270 611 306 643 ὣς
315 609 359 639 ἰπὶ
373 609 456 649 Ἄχαρ
467 611 513 638 τοῦ
526 608 574 645 τὴν
588 606 711 642 ποικίλην
726 605 848 642 στολὴν’
834 616 898 644 αφε-

125 655 237 695 λομένου
249 657 296 685 τοῦ
310 654 477 694 ἀναθήματος
486 678 494 693 ,
516 655 561 685 καὶ
575 653 645 684 κατὰ
657 656 702 683 τοῦ
714 654 779 682 λαοῦ
790 651 838 687 τὴν
852 653 898 679 τοῦ

127 703 198 732 Θεοῦ
211 701 388 735 ἐκκαύσαντος
400 701 488 742 ὀργήν.
512 704 523 718 ⁸
530 702 600 731 ”Αλλ
625 702 688 733 ἴσως
699 698 767 732 τινὲς
781 699 832 727 τῶν
847 708 899 726 πα-

128 747 224 788 ρόντων
236 747 271 778 τὰ
283 760 332 783 της
354 748 470 788 ἱστορίας
483 747 582 783 ταύτης
596 748 727 787 ἀγνοοῦσι.
746 743 798 775 Διὰ
822 745 900 773 τοῦτο
913 746 933 770 B

129 795 168 824 δεῖ
182 794 285 835 βραχέα
299 793 361 835 περὶ
384 794 483 830 ταύτης
498 793 628 824 εἰπόν-ω’
618 794 770 831 υπομνῆσαι
783 790 830 830 μὲν
841 787 901 821 τοὺς

129 840 248 876 εἰδότας,
262 839 364 875 διδάξαι
382 840 410 870 δὲ
428 839 488 873 τους
502 841 669 879 ἀγνοουντας.
685 834 770 871 Οὗτος
787 835 873 866 τοίνυν
887 837 901 864 ὁ

129 885 215 926 Ἄχαρ
230 881 267 920 εἷς
286 886 414 926 ἐτύγχανε
428 888 481 915 τῶν
496 885 564 926 μετὰ
582 886 671 920 Ἰησοῦ
684 886 730 914 τοῦ
744 884 823 918 Ναυη
848 883 903 911 δια-’-

130 931 233 961 θέντων
245 931 290 961 τὸν
306 931 456 972 Ἰορδάνην,
470 934 560 968 Ἰησοῦ
574 931 673 961 ἐκείνου
683 933 728 960 τοῦ
742 929 823 970 ψήφῳ
832 929 903 958 Θεοῦ

136 977 260 1018 διαδόχου
277 977 412 1012 Μωϋσέως
413 976 637 1033 “arpennem-ivon
649 998 657 1013 ‚
685 978 730 1006 τοῦ
749 974 837 1005 εἰκόνα
860 973 905 1004 καὶ

136 1022 218 1054 τύπον
233 1023 373 1063 ἐπέχοντος
385 1035 430 1053 του
453 1025 575 1059 ἀληθινοῦ
589 1024 714 1062 Σωτηρος
732 1023 805 1061 υμῶν
818 1020 906 1056 Ἰησοῦ

137 1070 265 1110 Χριστοο.
280 1069 387 1109 Ὥσπερ
407 1069 459 1110 γὰρ
479 1070 601 1102 ἐκεῖνος’
589 1081 620 1099 εκ
632 1070 679 1104 τ’ῆς
693 1066 792 1107 ἐρήμου
807 1065 850 1095 διὰ
863 1067 908 1094 τοῦ

136 1115 271 1155 Ἰορδάνου
284 1117 321 1148 εἷς
333 1115 382 1150 τὴν
395 1117 444 1154 γ’ἦν
458 1117 506 1150 τῆς
519 1113 677 1153 ἐπαγγελίας
686 1113 731 1142 τὸν
741 1112 805 1142 λαον
823 1109 908 1140 διεδί-

139 1161 235 1198 ὅασεν,
256 1160 326 1191 οὕτω
347 1161 392 1191 καὶ
406 1163 420 1191 ὁ
433 1160 530 1200 Σωτὴρ
543 1162 619 1199 ἡμων
639 1161 670 1189 ἐκ
683 1161 729 1194 τῆς
749 1158 848 1197 ἐρήμου
862 1159 910 1192 τῆς

139 1206 270 1246 ἀγνωσίας
286 1207 332 1237 καὶ
348 1210 398 1243 τῆς
408 1206 622 1246 εἷδωλολατρείας
635 1205 679 1235 διὰ
700 1209 746 1235 τοῦ
771 1204 845 1244 ἁγίου
864 1203 909 1232 καὶ

140 1252 322 1292 σωτηριώδους
337 1252 518 1292 βαπτίσματος
531 1254 568 1286 εἷς
590 1251 640 1287 τὴν
661 1251 716 1281 ἄνω
735 1249 910 1291 Ιερουσαλὴμ

139 1296 230 1337 ι’ἧι-επις
249 1298 435 1338 μετεποίησεν,
462 1300 499 1331 εἷς
514 1297 563 1334 τὴν
575 1296 678 1337 μητέρα
701 1299 754 1326 τῶν
774 1295 911 1335 πρωτοτό-
926 1303 945 1327 C

139 1356 209 1381 κων,
231 1345 259 1374 ἐν
280 1341 300 1384 ᾗ
317 1347 365 1380 τῆς
378 1345 502 1381 ἀληθινῆς
523 1342 714 1376 καταπαύσεως
734 1342 912 1382 ηὖτρεπίσθη-

140 1401 189 1420 σαν
204 1392 230 1421 αἱ
250 1391 341 1430 μοναὶ,
360 1391 422 1421 ἔνθα
433 1393 451 1426 ἡ
465 1389 640 1423 ἀστασίαστος
661 1388 706 1418 καὶ
719 1388 838 1429 εἰρηνικὴ
853 1389 911 1418 δια-

140 1436 229 1477 τριὸή.
241 1433 327 1471 Οὗτος
347 1436 434 1467 τοίνυν
454 1439 487 1476 τῇ
507 1438 552 1466 τοῦ
570 1434 778 1475 προστάττοντος
802 1433 911 1473 δυνάμει

140 1483 185 1513 τὸν
208 1483 271 1513 λαὸν
294 1483 462 1518 διαὸιὸάσας,
485 1482 634 1522 προσέὅαλε
662 1484 695 1522 τῇ
720 1480 842 1521 Ἱεριχὼ,
866 1480 912 1510 καὶ

124 1530 189 1577 τὴν
204 1529 277 1567 ξένην
291 1530 392 1566 ἐκείνην
414 1529 567 1570 πολιορκίαν
582 1531 692 1569 ἐνεργῶν
701 1551 709 1564 ,
728 1528 780 1564 ἤδη
794 1529 846 1557 τῶν
860 1539 889 1556 τε
892 1539 912 1556 ι-

140 1588 198 1616 χων
211 1575 387 1606 καταπίπτειν
400 1575 561 1615 μελλόντων·
556 1598 566 1612 ,
581 1575 607 1605 τί
620 1586 685 1615 φησι
695 1586 762 1614 προς
775 1573 819 1603 τὸν
833 1572 910 1609 λαόν;

142 1622 242 1652 Ἔσται
252 1622 376 1662 ἀνάθημα
393 1624 410 1658 ἡ
420 1621 496 1655 πόλις
509 1621 590 1658 αὕτη,
610 1633 655 1650 και
669 1620 757 1650 πάντα
767 1619 817 1650 ὅσα
841 1619 912 1649 ἐστὶν

142 1669 169 1697 ἐν
183 1669 250 1708 αὐτῇ
259 1689 269 1704 ,
289 1668 380 1709 Κυρίῳ
394 1667 526 1704 Σαόαὼθ,
551 1667 621 1703 πλὴν
641 1666 728 1696 ‘Paete
743 1666 791 1703 τὴν
802 1666 912 1706 πόρνην,

142 1713 348 1754 περιποιήσασθε
364 1714 454 1749 αὐτήν.
482 1712 641 1746 Φυλάξασθε
654 1707 698 1741 ουν
710 1711 763 1741 ἀπὸ
784 1723 830 1741 του
851 1713 913 1740 ἀνα-

145 1758 276 1798 θήματος,
299 1759 403 1798 μήποτε
429 1758 615 1797 ἐνθυμηθέντες
639 1759 713 1796 υμεῖς
736 1757 837 1792 λάὸητε
867 1757 912 1785 ἀπ’

145 1807 241 1843 αὐτοῦ,
267 1805 313 1835 καὶ
342 1804 483 1846 ἐκτρίψητε
508 1806 588 1843 ἡμᾶς.
625 1802 767 1843 Ἀφιερώθη
778 1825 786 1839 ,
814 1802 892 1842 φησὶν
905 1826 913 1839 ,

145 1850 249 1881 ἅπαντα
262 1850 297 1880 τὰ
316 1852 343 1881 ἐν
363 1852 396 1891 τῇ
420 1850 511 1880 πόλει·
523 1853 599 1879 τοῦτο
619 1848 670 1889 γὰρ
683 1849 714 1878 τὸ
727 1849 850 1888 ἀνάθημα
868 1849 914 1884 δη-

143 1897 196 1927 λοῖ.
209 1897 256 1934 Μή
270 1909 310 1931 τις
323 1892 366 1927 οὖν
387 1896 544 1937 νοσφίσηται
557 1898 609 1926 τῶν
633 1895 808 1925 ἀνατεθέντων
824 1896 914 1936 Κυρίῳ

142 1945 182 1983 τῷ
197 1944 277 1984 Θεῷ,
296 1943 342 1973 καὶ
352 1942 545 1983 ῧέξολοθρεύσει
560 1945 630 1981 ἡμᾶς
644 1943 674 1972 ἐκ
687 1943 736 1977 τῆς
749 1944 807 1982 γῆς.
832 1943 913 1972 Ἐπι-

142 1989 260 2023 κίνδυνος
275 1991 292 2026 ἡ
312 1989 424 2027 ἐντολὴ,
445 1988 512 2019 πολὺ
535 1988 566 2018 τὸ
586 1990 634 2024 ’τῆς
657 1988 792 2028 ἀκριὸείας
817 1991 861 2018 τοῦ
885 2000 913 2018 τε

143 2035 352 2075 προστάσσοντος
365 2036 435 2066 Θεοῦ
457 2034 502 2065 καὶ
520 2036 566 2064 τοῦ
593 2038 792 2074 νομοθετοῦντος
815 2035 913 2071 Ἰησοῦ.

142 2082 207 2116 Πῶς
218 2081 269 2121 γὰρ
282 2083 329 2111 οὐκ
341 2077 373 2118 ἦν
387 2083 413 2111 ἐν
428 2081 543 2122 τοσούτῳ
565 2081 661 2117 πλήθει
676 2081 712 2120 μὴ
727 2082 914 2122 παραὸαθῆναι

142 2127 187 2158 τὸν
207 2128 286 2167 νόμον
305 2132 412 2165 τοῦτον,
435 2129 540 2158 πολλῶν
561 2128 642 2157 ὄντων
661 2131 715 2158 τῶν
729 2129 913 2159 συνωθούντων

143 2174 208 2214 πρὸς
220 2177 297 2205 τοῦτο
302 2187 311 2212 3
327 2174 366 2204 Ἦ
377 2174 428 2215 γὰρ
439 2173 469 2204 τὸ
482 2173 650 2213 ἀστάθμητον
661 2174 705 2204 καὶ
719 2175 750 2205 τὸ
763 2176 913 2216 φιλοκερδὲς

145 2222 192 2250 τοῦ
204 2220 304 2259 δήμου,
327 2220 345 2256 ἢ
361 2220 392 2250 τὸ
403 2220 441 2259 μὴ
455 2220 554 2254 πάντας
576 2221 721 2257 κατηκόους
733 2221 853 2260 γενέσθαι
866 2224 914 2258 τ’ῆς

144 2265 312 2305 προτεθείσης
329 2267 452 2303 ἐντολῆς,
479 2266 497 2302 ἢ
510 2269 528 2303 ἡ
541 2267 659 2297 ποικιλία
670 2269 722 2297 τῶν
744 2267 847 2298 σκύλων
865 2280 913 2298 κα-

146 2309 229 2350 θάπερ
254 2311 346 2351 δίλεαρ
369 2311 529 2351 προκειμένη
543 2335 552 2350 ,
579 2307 624 2343 καὶ
647 2313 707 2347 τοὺς
721 2313 916 2354 φιλοκτήμονας

150 2355 307 2390 δελεάζονσα
318 2377 327 2393 ,
346 2357 459 2391 εὐκόλως
480 2357 510 2386 ἂν
532 2358 597 2398 πρὸς
616 2358 664 2395 τὴν
678 2358 692 2375 ‘¹
704 2359 855 2399 παράδοσιν
867 2372 917 2391 πα-

945 282 1073 312 fiduciam
1100 282 1245 322 superent?
1266 283 1336 320 Atqu·
1340 293 1354 311 e
1380 282 1431 311 hoc
1455 291 1549 310 rursus
1579 291 1614 310 ex
1641 290 1688 309 eo-

947 327 1008 357 dem
1028 328 1131 368 populo
1154 328 1301 359 ΙειειέΙίῑίοο
1318 339 1350 368 p
1338 328 1464 368 “rspicias
1488 326 1596 364 licebit5
1615 336 1686 365 quo—

947 373 1036 406 modo
1053 375 1154 404 scilicet
1165 376 1242 404 Mose
1262 375 1458 415 rempublicam
1477 373 1690 408 administrante,

947 433 1009 452 cum
1030 408 1059 452 in
1084 429 1182 452 terram
1204 423 1415 462 alienigenarum
1439 421 1611 461 irrupissent,
1637 430 1692 459 pu-

948 479 1081 508 gnamque
1101 479 1164 498 cum
1183 469 1239 498 illis
1251 468 1446 498 commisissent
1457 466 1568 506 quidam
1580 465 1692 494 illorum

949 515 1108 544 insanientes
1133 515 1160 543 in
1187 515 1297 544 illorum
1324 515 1463 551 mulieres,
1491 513 1573 542 totius
1597 511 1693 551 populi

949 561 1054 590 cladem
1082 560 1250 600 exitiumque
1283 562 1456 591 invexerunt.
1485 557 1581 589 Simile
1607 556 1688 595 quid·
1703 562 1770 583 Josne
1789 570 1811 592 7.

949 607 1023 648 piam
1045 607 1072 636 in
1092 616 1146 636 uuo
1165 606 1273 644 accidit,
1293 606 1420 637 videlicet
1442 605 1542 642 Achar,
1560 602 1608 644 qui
1631 615 1694 634 cum

950 653 1054 684 variam
1072 664 1106 683 ex
1132 653 1298 682 anathemate
1319 652 1414 682 stolam
1438 653 1598 692 sustulisset,
1614 653 1696 684 etiam

951 699 1080 730 adversus
1093 699 1246 739 populum
1239 710 1307 728 iram
1316 699 1366 728 Dei
1378 698 1524 729 succendit.
1536 700 1652 734 Verum.
1666 706 1696 728 ut

952 746 1077 787 conjicio,
1084 745 1224 775 nonnullis
1239 745 1410 793 praeseutium
1421 745 1513 786 ignota
1530 753 1570 776 est
1586 747 1643 776 haec
1653 746 1697 776 hi-

953 794 1045 822 storia.
1060 792 1243 830 Quamobrem
1264 802 1369 822 necesse
1389 799 1439 827 est,
1450 799 1481 822 ut
1495 793 1589 833 paucis
1599 793 1633 823 de
1647 793 1698 822 hac

954 839 1095 877 loquutus,
1104 846 1130 868 et
1138 838 1250 869 seientes
1261 839 1507 876 commonefaciam,
1517 846 1543 868 et
1554 839 1699 869 nescientes

954 885 1074 915 doceam.
1084 885 1194 915 Achar'
1186 892 1276 924 itaque
1287 885 1340 914 suit
1353 896 1423 914 unus
1435 896 1469 914 ex
1482 895 1576 915 eorum
1588 895 1699 915 numero

956 932 1005 972 qui
1015 943 1077 962 cum
1090 933 1155 962 Jesu
1170 933 1245 962 Nave
1264 932 1393 961 transiere
1403 931 1561 969 Joidanem,
1575 931 1624 970 qui
1634 933 1699 962 Jesu
1709 940 1774 963 ,Iesus
1790 939 1837 961 Nav
1826 948 1851 961 ve

958 979 1044 1009 fuerat
1054 985 1114 1008 ante
1126 978 1185 1008 Dei
1182 977 1292 1018 judicio
1312 977 1442 1015 delectus,
1458 984 1488 1007 ut
1507 977 1597 1018 Moysi
1609 988 1700 1008 succe—
1710 973 1792 1025 {5¹¹3
1798 971 1853 993 ³⁰⁵¹*

959 1024 1046 1060 deret,
1063 1024 1164 1063 quique
1172 1030 1268 1064 typum
1282 1034 1313 1052 ac
1323 1023 1439 1062 figuram
1453 1024 1560 1064 gerebat
1571 1024 1629 1055 veri
1639 1025 1703 1054 Ser·
1737 1012 1755 1025 u
1766 1011 1775 1025 ⁵
1787 1012 1803 1026 ¹

959 1070 1062 1100 vatoris
1076 1069 1159 1098 nostri
1169 1070 1234 1099 Jesu
1249 1068 1365 1098 Christi.
1381 1069 1618 1106 Quemadmodum
1631 1071 1703 1100 enim

960 1115 1008 1145 ille
1020 1126 1035 1145 e
1048 1115 1154 1145 deserto
1169 1126 1218 1156 per
1232 1115 1378 1146 Jordanem
1390 1115 1528 1146 interram
1544 1117 1704 1157 promissam

961 1161 1091 1202 perduxit
1104 1162 1248 1202 populum,
1261 1162 1300 1191 sie
1311 1169 1337 1191 et
1346 1163 1473 1193 Servator
1484 1170 1575 1193 noster
1587 1175 1621 1194 ex
1630 1165 1705 1204 igno-

961 1208 1053 1239 rantiae
1067 1215 1093 1238 et
1106 1208 1266 1238 idololatriae
1279 1208 1384 1238 deserto
1392 1219 1440 1248 per
1453 1217 1574 1239 sanctum
1587 1221 1618 1241 ac
1631 1211 1707 1241 salu-

962 1255 1071 1284 tiferum
1082 1254 1247 1295 baptismum
1260 1255 1288 1284 in
1300 1255 1431 1284 caeloetem
1448 1257 1645 1296 Jerosolymam
1657 1268 1707 1287 nos

963 1300 1097 1337 traduxit,
1122 1300 1157 1329 ad
1184 1307 1297 1330 matrem
1325 1301 1583 1341 primogenitoriun,
1605 1303 1633 1332 in
1654 1315 1708 1343 qua

963 1357 1033 1378 verae
1045 1346 1143 1386 quietis
1156 1353 1255 1387 paratae
1271 1353 1334 1376 sunt
1347 1347 1508 1385 mansiones,
1524 1348 1571 1377 uhi
1587 1349 1643 1380 vita
1656 1357 1708 1379 tu-

963 1393 1066 1422 multus
1086 1392 1176 1422 nescia
1194 1392 1370 1432 pacificaque.
1385 1394 1436 1423 Hic
1454 1394 1543 1433 itaque
1563 1406 1626 1425 cum
1649 1395 1708 1436 ejus

964 1439 1064 1470 virtute
1083 1439 1131 1479 qui
1150 1441 1267 1480 jusserat
1283 1440 1419 1470 Israelitas
1436 1442 1636 1479 transmisisset,
1657 1443 1704 1472 ad-

964 1486 1143 1525 movissetque
1174 1486 1323 1516 exereitum
1351 1493 1442 1517 contra
1469 1488 1589 1525 Jericho,
1610 1499 1708 1519 novam

963 1531 1039 1562 illam
1062 1539 1088 1562 et
1107 1531 1294 1561 admirandam
1314 1532 1481 1563 obsidionem
1504 1535 1628 1572 moliens,
1642 1546 1708 1564 mox

963 1579 1077 1609 ruituris
1094 1578 1240 1615 moenibus,
1253 1578 1320 1618 quid
1334 1579 1456 1618 loquitur
1469 1581 1543 1621 apud
1554 1582 1708 1622 populum?

963 1627 1031 1655 Erit
1044 1626 1204 1655 anathema
1215 1626 1278 1654 haec
1287 1628 1391 1655 ciuitas
1406 1637 1416 1654 .-
1431 1633 1460 1656 οι
1468 1628 1612 1667 quidquid
1624 1631 1710 1658 estin
1720 1640 1862 1671 lamae-17.

964 1681 1011 1707 ea,
1023 1671 1151 1700 Domino
1164 1671 1305 1709 Sabaoth,
1319 1678 1440 1711 excepta
1451 1674 1535 1702 Raab
1549 1676 1708 1711 meretrice,
1724 1673 1759 1696 ¹8·

966 1718 1044 1746 hanc
1057 1719 1221 1746 servabitis.
1234 1718 1341 1747 Cavete
1353 1720 1443 1758 igitur
1454 1721 1491 1748 ab
1507 1722 1708 1758 anathemate,

967 1772 1004 1790 ne
1015 1762 1135 1801 quando
1149 1764 1309 1802 cogitantes·
1319 1766 1438 1793 sumatis
1451 1775 1487 1793 ox
1505 1775 1550 1803 eo,
1567 1772 1595 1794 et
1603 1767 1711 1805 perda—

968 1809 1005 1836 tis
1037 1818 1099 1837 nos.
1119 1809 1278 1837 Consecrata
1301 1816 1380 1845 sunt,
1405 1809 1492 1849 inquit
1502 1834 1510 1847 ‚
1536 1812 1625 1840 omnia
1649 1823 1710 1851 qum

967 1854 1067 1884 suntin
1081 1853 1188 1884 civitate
1204 1866 1210 1883 :
1223 1865 1284 1884 nam
1299 1854 1328 1884 id
1342 1862 1418 1884 sonat
1430 1857 1580 1887 anathema.
1595 1859 1635 1887 Ne
1649 1858 1710 1897 quis
1742 1870 1863 1893 Annhem.

932 1901 950 1925 D
967 1899 1050 1939 igitur
1062 1899 1210 1929 suffuoetur
1223 1911 1257 1930 ex
1270 1900 1304 1930 iis
1317 1912 1377 1940 quae
1399 1910 1551 1932 consecrata
1575 1911 1637 1934 suut
1653 1906 1710 1934 Do·
1721 1903 1784 1932 ‘1⁰³³-

966 1945 1040 1975 mino
1052 1947 1121 1982 Deo,
1135 1956 1236 1985 nosque
1248 1946 1388 1987 disperdat
1398 1959 1412 1977 e
1425 1955 1505 1978 terra.
1520 1950 1708 1980 Periculosum

966 2000 1023 2022 erat
1038 2000 1212 2033 praeceptum,
1224 1994 1310 2024 multa
1328 1994 1469 2035 diligentia
1480 2003 1538 2026 tum
1549 1997 1599 2026 Dei
1618 1998 1711 2037 praeci-

967 2038 1076 2078 pientis‚
1087 2045 1146 2068 tum
1164 2039 1251 2079 legem
1271 2040 1380 2070 serentis
1393 2042 1469 2071 Jesu.
1486 2043 1542 2079 Qui
1566 2043 1638 2073 enim
1653 2044 1711 2074 ficri

967 2085 1065 2125 potuit,
1081 2092 1111 2116 ut
1132 2085 1160 2115 in
1183 2092 1256 2116 tanta
1281 2087 1456 2117 multitudine
1485 2099 1538 2118 uon
1562 2089 1710 2120 violaretur

966 2131 1023 2161 haec
1042 2131 1097 2169 lex,
1111 2142 1174 2161 cum
1192 2132 1284 2162 multae
1306 2143 1348 2162 res
1365 2141 1462 2171 essent,
1476 2145 1535 2174 quae
1546 2135 1600 2164 huc
1611 2135 1709 2176 impol-

966 2176 1069 2207 lerent?
1082 2178 1153 2208 Nam
1163 2177 1207 2207 vel
1229 2177 1389 2208 instabilitas
1407 2181 1465 2219 ejus
1478 2181 1574 2220 populi
1588 2181 1711 2220 lucrique

966 2222 1111 2263 cupiditas,
1126 2224 1170 2255 vel
1186 2223 1260 2262 quod
1279 2234 1332 2254 non
1351 2235 1442 2255 omnes
1460 2226 1627 2257 audivissent
1642 2228 1711 2257 edici

967 2276 1142 2309 praeceptum,
1153 2270 1198 2299 vel
1213 2269 1362 2310 spoliorum
1374 2271 1491 2310 pretium
1500 2273 1576 2303 velut
1589 2284 1646 2303 esca
1662 2274 1710 2303 ob-

965 2315 1225 2357 jecta,habendique
1240 2316 1336 2347 avidos
1355 2317 1488 2355 illectans,
1503 2319 1582 2349 facile
1590 2319 1624 2348 ad
1647 2320 1714 2359 legis

969 2362 1208 2402 transgressionem
1222 2362 1395 2403 perpulisset.
1410 2365 1447 2394 Et
1459 2371 1546 2394 tamen
1560 2375 1591 2395 ca
1604 2365 1649 2394 lex
1659 2373 1715 2395 crat

178 2454 189 2467 Ι
207 2447 277 2472 Unus
293 2449 344 2473 ἀλλ’
363 2451 418 2477 εἰκός
431 2459 492 2477 τινας
508 2456 554 2475 τῶν
569 2454 686 2483 παρόντων
702 2454 732 2475 τὰ
748 2456 787 2479 τῆς
805 2453 903 2486 ἱστορίας
951 2458 1025 2478 noun.
1035 2451 1141 2478 Savilius
1153 2453 1178 2477 in
1189 2453 1299 2485 margine
1310 2465 1348 2488 γρ.
1363 2457 1551 2489 παραΰικσθῆνχι.

146 2490 228 2516 tuabi-53
238 2491 357 2519 ἀγνοεῖν...
371 2491 423 2521 περὶ
434 2489 517 2517 ταύτης
528 2492 637 2517 ἀπόντας.

180 2525 194 2546 ¹·
211 2526 283 2550 Unus
293 2529 353 2558 ἡμᾶς
363 2528 516 2558 musicam.

181 2572 191 2584 ε
207 2565 263 2590 Duo
275 2566 429 2600 ἐξολοθμὺσῃ.
440 2563 508 2591 turra
520 2568 686 2601 παραὸκθῆυκι.
703 2566 809 2594 In'hanc
820 2576 906 2596 vocem

985 2491 997 2506 ἀ
1014 2491 1084 2516 Unus
1095 2494 1224 2526 παράδασιν
1235 2495 1392 2522 dematura*
1403 2493 1457 2519 ἀλλ’
1466 2497 1527 2526 ὅμως
1538 2497 1549 2520 ὸ
1562 2499 1628 2527 νόμος
1638 2497 1714 2525 οὕτως.

954 2531 1014 2556 Mox
1029 2530 1125 2565 aliquot
1141 2531 1199 2556 Mss.
1214 2535 1384 2567 ἀπαρεμάσθη.

1530 2615 1560 2643 9.
