1890 2826
598 207 758 231 SYNOPSIS
784 207 972 231 scmP’runAE
1000 208 1112 232 SACRAE
1118 224 1125 232 .

81 273 127 304 καὶ
139 272 215 312 ἔσχεν
227 271 267 301 ἔτι
277 274 348 311 τρεῖς
358 269 437 305 υἱοὺς,
453 269 499 299 καὶ
513 268 558 298 δύο
571 268 726 308 θυγατέρας,
739 268 784 298 καὶ
794 269 851 298 Σα-

1580 202 1652 248 403

906 269 1039 299 ferrentur
1052 271 1120 300 Deo.
1138 270 1183 300 Eli
1204 278 1293 300 autem
1308 271 1446 302 benedixit
1464 273 1580 311 Annam,
1594 284 1654 313 quae

82 318 168 358 μουὴλ
188 317 307 346 ἐπεδίδου
325 315 391 356 πρὸς
411 315 516 355 ἀρετήν.
539 314 574 344 Ὁ
597 314 624 344 δὲ
647 314 724 343 Ἠλεὶ
739 314 852 347 ἀκούσας
861 338 897 359 alst·
906 322 959 344 tres
979 316 1069 345 adhuc
1090 316 1161 346 filios
1183 317 1287 354 habuit,
1303 325 1329 348 et
1347 318 1415 347 duas
1434 318 1516 355 filias,
1529 319 1650 349 Samuel-

80 367 134 394 τῶν
146 363 248 393 παίδων
261 362 296 391 τὰ
308 361 470 401 τολμήματα
484 361 609 401 (καὶγὰρ
619 360 664 390 καὶ
675 362 852 400 ἐμοιχῶντο),
870 367 890 389 Α
906 371 958 400 que
982 361 1011 390 in
1052 363 1150 392 virtute
1186 364 1351 404 proficiebat.
1379 364 1425 394 Eli
1448 375 1528 404 porro
1553 365 1654 395 auditis

79 409 225 448 ἐπετίμησε
238 408 309 449 λόγῳ
319 420 326 427 ·
340 409 365 438 οἱ
387 407 415 437 δὲ
434 409 481 437 οὐκ
503 402 584 441 εἶξαν.
600 406 802 447 Προφητεύεται
815 408 853 446 τῷ

81 455 158 486 Ἠλεὶ
166 457 180 484 ὁ
190 455 295 494 ὄλεθρος
308 456 355 490 τῆς
364 453 448 487 οἰκίας
460 455 539 483 αὐτοῦ
549 453 595 483 καὶ
608 455 661 482 τῶν
672 454 736 482 υἱῶν
750 452 792 482 διὰ
806 452 854 488 τὴν

81 501 215 541 ἁμαρτίαν
228 502 281 530 τῶν
295 499 371 529 νέων.
391 501 526 536 Δηλοῦται
544 498 572 528 δὲ
583 498 629 527 καὶ
641 500 679 538 τῷ
694 497 824 536 Σαμουὴλ
837 500 854 533 ἡ

82 546 262 587 ἀπαραίτητος
281 545 347 586 ὀργὴ
371 548 416 575 τοῦ
440 546 511 574 esav
520 567 528 581 ‚
553 544 599 573 καὶ
623 543 785 583 ἀπαγγέλλει
811 541 856 573 καὶ

82 592 161 626 αὐτὸς
187 594 226 632 τῷ
253 591 337 621 Ἡλεί.
365 591 570 630 Συμὸἀλλουσιν
595 591 620 618 οἱ
647 589 791 630 ἀλλόφυλοι
817 591 856 629 τῷ

82 637 202 678 Ἰσραὴλ,
216 637 262 668 καὶ
272 637 413 678 τρέπουσιν
423 636 501 666 αὐτὸν
513 638 550 669 εἰς
560 635 645 676 φυγὴν
658 635 726 674 μετὰ
740 637 786 664 τοῦ
801 646 856 664 πα-

81 684 166 719 τάξαι.
185 684 233 718 Ὡς
250 684 278 714 δὲ
298 683 344 713 καὶ
357 683 406 719 τὴν
419 682 532 712 κιὸωτὸν
555 681 680 721 ἐξήγαγον
694 680 746 710 υἱοὶ
761 680 855 717 Ἠλεὶ,

79 726 152 760 οὗτοι
166 729 214 769 μὲν
227 731 369 759 πίπτουσιν
387 730 413 758 ἐν
434 730 472 768 τῷ
495 727 604 767 πολέμῳ
619 727 688 766 μετὰ
700 726 746 756 καὶ
760 726 856 767 ἑτέρων

80 777 204 813 πολλῶν,
223 775 272 812 τὴν
295 775 324 804 δὲ
346 774 459 804 κιὸωτὸν
479 773 659 813 λαμὸάνουσιν
674 773 698 802 οἱ
718 772 854 811 πολέμιοι.

80 816 167 852 ῗΗλθέ
175 834 216 855 τις
229 824 314 850 ταῦτα
327 820 500 860 ἀπαγγέλλων
513 821 551 859 τῷ
565 818 655 848 Ἠλεί·
667 820 681 848 ὁ
693 818 720 848 δὲ
734 830 855 848 καταπε-
870 816 888 840 Β

81 868 135 897 σὼν
157 869 188 897 ἐκ
208 871 254 897 τοῦ
277 866 368 907 δίφρου
381 868 460 896 αὐτοῦ
483 865 624 905 συνετρίὸη
645 864 691 894 καὶ
711 864 854 894 ἀπέθανεν·

81 913 194 943 ἀπέθανε
205 913 234 943 δὲ
243 913 288 943 καὶ
297 916 314 949 ἡ
328 911 421 942 τούτου
434 911 533 952 νύμφη,
546 911 625 946 ἡνίκα
636 914 722 940 ταῦτα
732 910 855 946 ἤκουσεν.

81 959 247 998 Εἷσήνεγκαν
259 959 284 988 οἱ
307 958 451 998 ἀλλόφυλοι
470 957 519 994 τὴν
532 956 645 986 κιὸωτὸν
667 958 704 990 εἷς
726 956 770 985 τὸν
784 952 854 986 οἷκον

82 1005 176 1044 Δαγών
184 1017 191 1023 ·
203 1007 218 1035 ὁ
229 1004 258 1034 δὲ
267 1003 397 1034 κατέπεσε
409 1003 538 1044 δεύτερον,
550 1003 595 1032 καὶ
608 1002 760 1042 συνετρίὸη.
772 1002 855 1031 Ἐπα-

81 1050 217 1091 τᾶχθησαν
241 1050 269 1080 δὲ
291 1050 337 1080 καὶ
361 1051 385 1079 οἱ
409 1050 499 1088 ἄνδρες
523 1050 560 1082 εἷς
586 1048 633 1081 τὰς
654 1048 731 1087 ἕδρας
755 1049 853 1085 αὐτῶν.
879 1058 882 1060 “

80 1092 170 1126 *Hecu
184 1096 212 1125 δὲ
223 1098 248 1125 οἱ
261 1095 379 1129 Ἀζώτιοι
393 1091 476 1131 οἷτοι,
490 1094 536 1123 καὶ
549 1097 598 1132 μῦς
610 1093 738 1123 ἀνέδωκεν
750 1095 767 1128 ἡ
780 1092 856 1132 χώρα

82 1144 177 1172 αὐτῶν.
188 1141 392 1172 Ἀποστέλλουσι
406 1140 454 1176 τὴν
469 1140 581 1170 κιὸωτὸν
596 1141 633 1173 εἷς
649 1139 699 1169 Γέθ
711 1151 716 1157 ’
733 1141 757 1168 οἱ
771 1139 798 1168 δὲ
810 1138 855 1168 καὶ

82 1188 158 1218 αὐτοὶ
171 1187 338 1226 ἐπλήγησαν.
352 1186 510 1225 Πέμπουσιν
526 1185 608 1221 αὐτὴν
621 1187 657 1218 εἷς
670 1187 682 1200 ²
692 1185 855 1220 Ἀσκαλῶνα,

82 1236 160 1263 κάκεῖ
181 1232 272 1272 γέγονε
295 1231 412 1265 θάνατος.
427 1230 672 1270 Συμὸουλευθέντες
692 1229 719 1259 δὲ
739 1229 791 1259 ὑπὸ
803 1231 856 1258 τῶν

41 1276 45 1283 ’
84 1280 203 1319 μάντεων
229 1280 315 1308 αὐτῶν
325 1302 333 1316 ,
357 1281 476 1308 ποιοῦσιν
501 1277 578 1318 ἕδρας
602 1282 703 1317 χρυσᾶς
712 1299 719 1313 ,
739 1277 784 1306 καὶ
806 1278 857 1314 μῦς

82 1328 204 1366 χρυσοῦς,
219 1325 265 1354 καὶ
281 1324 412 1357 ἐπιθέντες
424 1323 518 1357 αὐτοὺς
530 1322 619 1362 ἁμάξῃ
635 1322 702 1362 μετὰ
713 1324 760 1357 τῆς
774 1321 856 1351 κιὸω-
870 1319 889 1342 f*

83 1374 129 1400 τοῦ
153 1370 293 1405 ὑπέζευξαν
319 1369 381 1409 βόας
389 1392 397 1405 ,
421 1365 457 1399 ὧν
480 1369 514 1398 τὰ
533 1368 614 1398 τέκνα
636 1367 795 1397 ἀπέκλεισαν
820 1368 857 1401 εἷς

84 1415 211 1446 οἰκίσκον.
239 1417 273 1445 Αἱ
298 1415 325 1445 δὲ
349 1415 427 1455 ὀρθὴν
451 1415 630 1455 ἐπορεύθησαν
652 1415 689 1446 εἷς
703 1415 854 1452 Βεθσαμῢς.

84 1461 215 1502 Δέχονται
224 1461 306 1497 αὐτὴν
318 1462 343 1490 οἱ
354 1461 444 1500 ἄνδρες
458 1462 561 1497 ἐκεῖνοι,
573 1460 617 1489 καὶ
631 1459 722 1489 θύουσι
732 1462 771 1499 τῷ
783 1461 856 1499 Θεῷ,

85 1507 205 1547 ὁρώντων
219 1509 271 1537 τῶν
293 1509 434 1547 σατραπῶν
452 1509 504 1536 τῶν
520 1506 685 1547 ἀλλοφύλων.
705 1506 752 1539 Ὡς
767 1506 794 1535 δὲ
808 1507 856 1535 οὐκ

86 1551 100 1568 l‘
110 1553 266 1592 ἠσμένισαν,
279 1553 423 1587 τουτέστιν,
437 1553 466 1581 οὗ
480 1553 663 1591 συνεχάρησαν
674 1553 699 1581 οἱ
712 1551 764 1580 υἱοὶ
776 1551 856 1591 Ἰεχο-

88 1597 142 1627 νίου
154 1620 162 1635 ,
177 1598 277 1637 γίνεται
298 1598 388 1637 πληγὴ
403 1598 507 1637 μεγάλη
522 1599 549 1626 ἐν
569 1599 607 1637 τῷ
621 1598 678 1636 λαῷ
687 1609 693 1615 ·
709 1597 755 1626 καὶ
769 1596 855 1636 (pogn-

88 1643 173 1677 θέντες
182 1644 207 1672 οἱ
218 1643 270 1672 ἀπὸ
281 1645 434 1682 Βεθσαμῦς,
448 1642 654 1672 ἀποστέλλουσιν
668 1642 695 1676 ἐξ
707 1643 793 1671 αὐτῶν
807 1642 856 1678 τὴν

88 1688 200 1718 κιὸωτὸν
220 1691 257 1722 εἷς
277 1690 322 1719 τὸν
343 1683 414 1718 οἷκον
434 1687 588 1727 Ἀμιναδάῧ.
603 1687 672 1717 Τότε
693 1687 856 1727 ἐπέστρεψαν

88 1735 152 1774 πρὸς
162 1735 206 1764 τὸν
220 1734 288 1764 Θεὸν
301 1737 325 1764 οἰ
339 1733 511 1774 Ἰσραηλῖται,
526 1734 570 1763 καὶ
585 1733 753 1772 ἐπολέμησαν
765 1733 857 1766 αὐτοὺς

88 1782 112 1810 οἱ
126 1781 277 1821 ἀλλόφυλοι,
291 1780 335 1810 καὶ
348 1775 510 1816 ἡττήθησαν,
522 1782 567 1808 τοῦ
578 1779 707 1818 Σαμουὴλ
717 1779 857 1818 εὐξαμένου

88 1827 155 1867 ὑπὲρ
169 1829 268 1863 αὐτῶν,
289 1827 334 1856 καὶ
348 1827 442 1856 ἔλαὸον
463 1827 526 1866 παρ’
542 1827 627 1855 αὐτῶν
642 1825 689 1859 τὰς
710 1825 812 1860 πόλεις,
828 1825 859 1859 ἃς

906 407 1027 436 filiorum
1039 408 1204 439 facinoribus
1215 410 1435 446 (moechabantur
1451 410 1523 439 enim
1532 413 1553 447 ),
1567 411 1652 440 incre·

907 454 982 494 pavit
998 466 1054 493 >*eos
1078 456 1175 488 verbm
1192 456 1234 486 illi
1251 467 1316 486 vero
1343 467 1396 487 nou
1421 458 1651 498 obtemperarunt.

907 500 1066 531 Praedicitur
1087 502 1133 531 Eli
1155 502 1287 542 pernicies
1299 503 1396 533 domus
1409 514 1464 533 suae
1489 510 1516 533 et
1534 504 1654 534 filiorum

907 547 943 576 ob
953 554 1091 586 peccatum
1102 547 1245 586 juvenum.
1261 549 1379 578 Samueli
1393 560 1500 588 quoque
1511 549 1653 580 denuntia-

907 598 949 622 tar
970 592 1144 632 inexpiabilis
1166 593 1205 622 ira
1225 593 1288 630 Dei,
1303 594 1332 623 id
1352 594 1404 633 ipsi
1424 594 1533 624 Samuel
1547 595 1653 624 denun-

907 637 968 667 tiat.
978 639 1103 677 Pugnant
1114 638 1268 678 alienigenae
1279 649 1342 668 cum
1350 640 1461 676 Israele,
1467 651 1547 678 quem
1555 651 1653 670 caesum

907 683 934 713 in
947 684 1039 723 fugam
1050 690 1167 713 vertunt.
1183 686 1223 714 Ut
1235 691 1325 713 autem
1336 695 1424 713 arcam
1437 684 1590 715 eduxerunt
1602 686 1654 715 filii

906 730 964 766 Eli,
977 730 1031 769 ipsi
1055 730 1156 760 cadunt
1166 730 1192 759 in
1207 730 1280 759 bello
1293 741 1355 759 cum
1368 730 1428 760 aliis
1445 731 1549 768 multis,
1564 742 1654 761 arcam

906 786 971 804 vero
985 774 1095 815 capiunt
1115 775 1214 806 hostes.
1228 776 1313 807 Venit
1332 776 1467 816 quispiam
1478 777 1526 815 qui
1539 777 1597 806 haec
1609 788 1652 807 re-

906 821 1042 851 nuntiaret
1056 822 1100 851 Eli
1113 833 1123 860 3
1136 822 1183 852 ille
1195 833 1259 852 vero
1272 833 1307 852 ex
1326 822 1392 852 sella
1405 822 1532 863 delapsus
1545 824 1654 853 attritus

905 874 946 897 est
967 874 993 898 et
1004 867 1072 897 obiit
1088 878 1096 895 ε
1110 875 1215 898 mortua
1236 879 1343 907 quoque
1361 875 1400 898 est
1415 869 1473 908 ejus
1493 879 1578 899 nurus
1591 880 1653 899 cum

905 913 963 943 haec
984 914 1100 944 audivit.
1115 914 1268 944 Intulerunt
1289 914 1444 954 alienigenae
1457 926 1545 944 arcam
1559 916 1586 944 in
1601 915 1652 945 do-

905 969 981 988 mum
1002 959 1131 999 Dagonis,
1146 957 1195 998 qui
1216 960 1343 1000 delapsus
1355 967 1395 990 est
1406 960 1449 990 bis
1461 967 1487 990 et
1501 961 1653 991 confractus

905 1004 967 1034 suit.
990 1005 1112 1035 Percussi
1135 1013 1198 1036 sunt
1220 1006 1300 1036 etiam
1320 1006 1374 1036 viri
1395 1005 1423 1035 in
1441 1006 1595 1046 podicibus.
1616 1008 1653 1037 Hi

905 1060 986 1090 porro
997 1057 1071 1080 erant
1082 1051 1180 1088 Azotii,
1188 1058 1214 1081 et
1223 1062 1313 1081 mures
1321 1052 1436 1091 protulit
1452 1052 1564 1081 illorum
1575 1063 1651 1092 ager.

906 1097 1018 1125 Mittunt
1034 1107 1124 1126 arcam
1145 1097 1174 1127 in
1192 1097 1280 1133 Geth3
1294 1097 1324 1127 hi
1339 1108 1446 1137 quoque
1464 1098 1551 1138 plagis
1564 1099 1654 1129 affecti

905 1150 979 1172 sunt.
996 1143 1231 1183 Mittuntquoque
1251 1144 1327 1173 illam
1348 1144 1507 1173 Ascalonem
1523 1156 1530 1173 ;
1546 1152 1572 1174 et
1593 1145 1653 1175 illic

905 1199 1012 1228 quoque
1023 1200 1097 1219 mors
1123 1197 1269 1230 grassatur.
1284 1190 1492 1221 consulentibus
1515 1198 1604 1220 autem
1615 1191 1651 1221 il-

905 1235 996 1264 lorum
1016 1236 1142 1274 vatibus,
1166 1236 1275 1276 podices
1297 1246 1410 1272 aureos,
1433 1247 1576 1276 mutesque
1600 1248 1652 1267 uu·

906 1292 966 1312 reos
984 1282 1111 1318 conflant,
1140 1290 1166 1312 et
1187 1283 1308 1323 plaustro
1333 1282 1466 1323 impositis
1486 1294 1549 1312 cum
1581 1294 1653 1322 arca,

906 1338 1002 1357 vaccas
1032 1328 1131 1368 jugam
1143 1351 1151 1366 ,
1174 1338 1291 1367 quarum
1316 1328 1417 1358 vitulos
1442 1328 1469 1357 in
1490 1328 1654 1359 domuncula

906 1374 1082 1404 concludunt.
1097 1375 1155 1404 111ae
1168 1385 1233 1405 vero
1254 1381 1326 1404 recta*
1342 1374 1387 1404 via
1412 1382 1598 1414 processerunt
1624 1377 1653 1405 in

907 1420 1076 1460 Bethsamys.
1104 1420 1254 1460 Excipiunt
1268 1420 1345 1450 illam
1363 1420 1416 1450 viri
1440 1420 1517 1450 illius
1538 1421 1602 1458 loci,
1627 1429 1654 1452 et

906 1465 963 1494 Deo
982 1465 1143 1502 sacrificant,
1165 1465 1321 1496 videntibus
1343 1465 1554 1505 alienigenarum
1567 1474 1652 1496 satra-

906 1510 959 1551 pis.
983 1512 1053 1541 Cum
1077 1522 1142 1542 vero
1163 1522 1218 1541 non
1238 1512 1344 1551 placide
1360 1512 1529 1551 exciperent,
1543 1513 1573 1543 id
1595 1520 1652 1550 est,

907 1565 958 1585 non
982 1565 1035 1585 una
1054 1557 1207 1586 laetarentur
1226 1557 1278 1586 filii
1297 1557 1444 1594 Jechoniae,
1457 1557 1537 1597 plaga
1557 1569 1653 1598 magna

907 1603 1039 1642 populum
1051 1603 1158 1634 invadit
1170 1614 1178 1630 ε
1191 1614 1222 1633 ac
1233 1610 1379 1633 metuentes
1392 1604 1423 1640 ii,
1431 1605 1479 1642 qui
1488 1604 1652 1645 Bethsamyn

908 1648 1070 1686 incolebant,
1084 1649 1195 1678 mittunt
1205 1660 1294 1678 arcam
1314 1649 1342 1678 in
1360 1649 1470 1678 domum
1489 1650 1652 1680 Aminadab.

908 1695 986 1724 Tunc
1003 1695 1125 1724 conversi
1139 1701 1200 1724 sunt
1213 1694 1248 1723 ad
1260 1696 1347 1724 Deum
1368 1695 1506 1732 Israelitae‚
1521 1703 1547 1726 et
1561 1697 1654 1727 alieni-

909 1750 990 1779 genas
1008 1740 1062 1769 sibi
1081 1740 1186 1769 bellum
1198 1740 1339 1770 inserentes
1358 1740 1513 1780 profligant,
1527 1742 1652 1772 Samuele

909 1796 959 1826 pro
971 1786 1036 1826 ipsis
1047 1792 1150 1822 orante,
1165 1793 1191 1816 et
1204 1792 1332 1825 ceperunt
1351 1786 1442 1821 urbes,
1453 1797 1520 1825 quas
1530 1787 1582 1816 sihi
1597 1788 1654 1818 abs·

909 1831 1036 1860 tulerant.
1052 1831 1122 1860 Cum
1139 1841 1203 1861 vero
1223 1831 1403 1860 consenuisset
1416 1832 1535 1869 Samuel,
1549 1833 1654 1872 filiique

88 1868 159 1913 εἶχον
182 1874 276 1902 αὐτῶν.
292 1873 338 1907 Ὡς
352 1873 379 1902 δὲ
400 1871 514 1912 ἐγήρασε
535 1872 681 1910 Σαμουὴλ,
706 1872 730 1900 οἱ
755 1871 782 1901 δὲ
806 1871 858 1901 υἱοὶ
874 1881 893 1904 1)
909 1878 968 1916 ejus
982 1887 1034 1906 non
1049 1875 1215 1907 ambuhoent
1228 1876 1256 1905 in
1267 1876 1312 1907 via
1325 1876 1422 1916 ipsius,
1436 1879 1589 1918 congregati
1603 1880 1654 1910 Ju-

88 1921 168 1948 αὐτοῦ
185 1921 233 1948 οὔκ
247 1918 401 1958 ἐπορεύοντο
414 1919 441 1947 ἐν
454 1920 487 1957 τῇ
501 1918 553 1957 ὁδῷ
567 1918 646 1946 αὐτοῦ
655 1939 663 1953 ‚
687 1917 859 1957 συναχθέντες

88 1966 113 1994 οἱ
126 1964 249 1994 Ἰουδαῖοι
267 1966 369 1993 αἰτοῦσι
389 1963 510 2003 βασιλέα.
530 1962 666 2002 Ἦλγησεν
689 1962 733 1992 ἐπὶ
747 1962 831 2002 τούτῳ
844 1965 858 1992 ὁ

88 2010 228 2050 Σαμουὴλ,
241 2010 286 2039 καὶ
297 2010 376 2050 φησὶν
389 2010 460 2048 αὐτῷ
472 2011 485 2038 ὁ
500 2008 580 2042 9qu-
595 2010 636 2038 Οὐ
651 2007 680 2038 σὲ
690 2008 858 2044 ἐξουδενήκα-

89 2068 130 2086 σιν
140 2078 149 2092 ,
163 2057 221 2086 ἀλλ’
243 2055 301 2095 ε’μέ.
324 2056 410 2085 Τοῦτο
427 2051 471 2084 οὖν
486 2054 699 2094 διαμαρτύρομαι
713 2054 815 2091 αὐτοῖς,
828 2054 858 2083 τὸ

89 2101 223 2140 δικαίωμα
231 2104 277 2131 τοῦ
291 2100 420 2140 βασιλέως
429 2112 436 2118 ·
448 2100 592 2136 τουτέστιν,
606 2099 669 2136 ὅσης
683 2099 781 2140 ὀφείλει
793 2102 856 2140 παρ’

89 2149 175 2177 αὐτῶν
186 2146 323 2187 τυγχάνειν
335 2145 688 2187 θεραπείας.Διεμαρτύρατο
698 2148 711 2175 ὁ
720 2146 858 2185 Σαμουήλ·

89 2195 114 2223 οἱ
146 2194 173 2222 δὲ
187 2192 321 2222 ἐπέκειντο
336 2194 478 2225 αἰτοῦντες.
494 2196 504 2209 ⁶
516 2191 664 2221 Ἀπώλοντο
679 2194 705 2221 αἱ
727 2191 781 2220 ὄνοι
797 2192 858 2225 Κεὶς

89 2242 134 2269 τοῦ
143 2239 242 2278 πατρὸς
255 2238 358 2268 Σαούλ·
373 2238 490 2278 ἔπεμψεν
504 2238 582 2267 αὐτὸν
596 2240 610 2267 ὁ
623 2237 712 2277 πατὴρ
727 2238 855 2273 ἐπιζητή-

90 2297 170 2314 σοντα
190 2284 295 2317 ταύτας.
310 2283 358 2317 εΩς
383 2283 411 2313 δὲ
433 2284 482 2323 οὐχ
505 2283 609 2323 εὕρισκε
618 2304 626 2317 ,
648 2286 693 2312 τοῦ
714 2283 856 2312 ἀκολούθου

122 2382 133 2393 ·
151 2376 182 2399 Ιιι
193 2373 345 2399 Coisliniano
354 2376 471 2399 Βαόυλὼνα
482 2372 523 2397 hic
534 2371 603 2405 lapsu
613 2371 732 2405 graphice
741 2373 850 2405 positum

91 2413 140 2438 fuit
151 2422 198 2446 pro
208 2413 338 2439 Ᾰσκκλῶνα.

124 2454 138 2472 b
160 2452 291 2486 ι’]σμένισαν.
316 2451 362 2476 Illa
391 2459 453 2476 voce
475 2455 580 2474 utuntur
601 2459 650 2475 ux
678 2451 826 2483 interpretes
840 2473 847 2485 ‚

91 2500 167 2524 quam
185 2490 261 2523 probe
279 2489 387 2522 explicat
408 2489 603 2522 Clirysostomus
623 2497 667 2520 per
687 2494 845 2525 συνεχάρησαν,

92 2529 259 2564 congratulati
268 2535 335 2560 aunt,
349 2529 386 2554 vel
399 2538 449 2553 una
461 2528 543 2552 loezau·
554 2533 621 2552 sunt.
634 2529 694 2553 Haec
705 2537 781 2561 porro
793 2538 847 2562 quae

92 2569 210 2594 dicuntur
229 2567 261 2594 de
280 2568 336 2594 filiis
357 2567 483 2594 Jechoniae
497 2587 503 2597 ‚
526 2575 578 2591 non
599 2572 656 2592 sunt
676 2568 701 2592 in
723 2567 847 2594 Hebraico

94 2613 177 2638 texti-3
189 2606 233 2632 sed
248 2607 298 2632 haec
310 2606 382 2640 plaga
395 2605 560 2631 Bctlxsamitas
578 2611 684 2638 spectat,
700 2607 742 2640 qui
753 2607 848 2633 sacrifi-

909 1921 960 1951 daei
983 1932 1073 1961 regem
1090 1922 1195 1962 petunt.
1209 1922 1310 1952 Dolore
1328 1922 1379 1952 hac
1399 1923 1433 1952 de
1445 1934 1474 1953 re
1494 1925 1604 1954 affectus
1615 1932 1655 1954 est

910 1968 1029 2004 Samuel,
1042 1969 1132 2007 aitque
1149 1968 1191 1997 illi
1202 1969 1275 1998 Deus
1286 1979 1292 1995 :
1304 1969 1373 1998 Non
1391 1975 1419 1998 te
1427 1977 1651 2008 contemserunt,
1666 1977 1804 2008 1.!teg.8.7.

910 2015 963 2043 sed
972 2025 1028 2044 me.
1043 2015 1110 2044 Hoc
1127 2016 1228 2055 itaque
1241 2016 1380 2056 testificor
1397 2017 1479 2055 ipsis,
1489 2018 1540 2057 jus
1555 2020 1630 2058 regis
1642 2030 1652 2047 .-
1663 2016 1687 2039 9-

910 2060 940 2089 id
963 2067 1012 2096 est,
1036 2067 1167 2099 quantum
1188 2060 1223 2090 ab
1245 2060 1311 2101 ipsis
1333 2061 1513 2091 ministerium
1535 2064 1656 2103 accipere

910 2116 959 2135 rex
972 2105 1078 2135 debeat.
1095 2106 1204 2136 Samuel
1221 2106 1377 2136 testificatus
1391 2114 1429 2136 est
1443 2119 1450 2136 :
1466 2108 1509 2137 illi
1522 2119 1586 2139 vero
1605 2120 1655 2149 pe—

910 2158 992 2181 tentes
1006 2152 1150 2182 instabant.
1163 2152 1315 2193 Deperditae
1329 2160 1405 2183 erant
1417 2154 1498 2183 asinae
1506 2155 1559 2184 Kis
1571 2156 1656 2195 patris

910 2196 976 2226 Saiil
992 2209 998 2225 :
1015 2197 1089 2226 misit
1108 2196 1189 2226 illum
1210 2203 1297 2237 pater,
1318 2197 1367 2236 qui
1391 2197 1452 2227 illas
1474 2201 1652 2239 perquireret.

910 2241 979 2270 Cum
999 2248 1089 2270 autem
1100 2251 1153 2270 non
1167 2241 1310 2276 inveniret,
1326 2242 1480 2271 consulente
1493 2243 1594 2272 famulo
1605 2253 1655 2271 suo

911 2284 968 2314 adit
986 2284 1155 2319 Samuelem,
1169 2285 1352 2314 sciscitaturus
1376 2285 1411 2315 de
1433 2296 1461 2315 re
1482 2286 1540 2315 illa.
1560 2287 1654 2326 Ipsum

899 2374 936 2398 cia
949 2374 1084 2408 quidemyet
1096 2375 1210 2400 victimas
1220 2374 1381 2408 obtulerunt5
1394 2375 1437 2400 sed
1450 2376 1557 2408 percussi
1569 2381 1652 2399 tamen
1667 2400 1670 2403 ,

898 2418 956 2438 sunt
964 2432 971 2445 ‚
987 2422 1016 2438 eo
1027 2413 1096 2447 quod
1105 2414 1229 2438 vidissent
1241 2423 1326 2439 arcam
1339 2414 1451 2439 Domini.
1465 2415 1514 2445 Qui
1532 2413 1596 2439 hanc
1609 2423 1653 2439 vo-

898 2461 953 2477 cem
963 2453 988 2478 in
1001 2459 1097 2478 textum
1115 2461 1159 2479 τῶ-,ι
1170 2453 1205 2480 0'.
1223 2453 1315 2485 intulit,
1329 2454 1364 2478 sic
1375 2452 1509 2486 intelligere
1520 2454 1603 2485 potuit
1615 2456 1653 2479 οὐκ

897 2495 1024 2525 ηὖμένισαν,
1039 2501 1090 2516 non
1100 2493 1245 2525 placarunt.

928 2538 938 2550 Β
957 2530 1084 2563 Rumon-ro,
1097 2531 1132 2555 sie
1144 2532 1170 2556 in
1190 2536 1259 2556 textu
1269 2537 1313 2556 τῶν
1325 2530 1358 2556 o'.
1367 2550 1374 2562 ,
1391 2529 1416 2554 id
1428 2535 1474 2561 est,
1488 2529 1653 2561 aber-rabam,

897 2569 1034 2603 deperdita?
1046 2575 1126 2594 crant.
