1904 2840
557 174 730 211 IN'ILLUD,
761 179 849 202 PONE
877 179 997 202 MANUM
1023 180 1132 211 TUAM,
1161 180 1286 204 SERMO.

145 242 194 280 μία
213 237 278 270 οιῖσα
295 243 354 270 καθ’
372 239 479 276 ἑαυτὴν,
497 239 543 270 καὶ
555 240 717 280 ἐργαζομένη
739 240 862 309 διάφορα,
880 242 909 270 οὗ
927 249 944 272 Β
964 240 1016 269 snb
1027 247 1165 280 aspectum
1178 242 1286 279 cadunt,
1299 252 1356 272 rem
1369 242 1419 272 tihi

143 281 250 311 δύναται
267 279 300 310 τὰ
321 279 518 319 ἀποτελούμενα
537 281 574 312 εἰς
597 279 660 319 μίαν
681 280 791 320 θεωρίαν
832 280 908 314 εἶξαι.

142 316 218 357 Οἷον,
232 323 265 360 τῇ
280 321 347 359 αὐτῇ
367 319 439 360 χειρὶ
455 319 537 354 κτίζω
553 320 598 350 καὶ
609 321 782 361 καταστρέφω
792 333 798 339 ·
816 321 909 350 οὐκοῦν

141 359 232 396 ἐπειδὴ
248 361 282 396 τῆ
295 361 362 396 αὐτῆ
381 361 439 390 ἐστι
458 360 490 390 τὸ
503 359 592 390 κτίσαι
604 359 649 389 καὶ
668 360 699 389 τὸ
719 359 910 401 καταστρέψαι,

141 399 236 429 ταύτὸν
254 392 320 440 ἔρος
342 393 411 430 ’Ἀλλ’
432 401 462 430 οὗ
475 398 581 429 ταύτόν.
596 399 708 437 Ἐπειδὴ
727 400 856 440 λέγωσιν,
871 399 911 430 ὅτι

140 441 220 479 ἡμεῖς
242 440 329 474 ἄλλως
350 443 493 480 γεννῶμεν,
514 439 560 469 καὶ
580 440 668 474 ἄλλως
685 440 822 479 κτίζομεν·
840 439 911 479 λέγω

140 479 227 519 κάγὼ,
232 482 277 519 τῷ
291 481 362 521 αὐτῷ
375 479 569 520 τρόπῳκτίζω,
580 483 614 520 τῇ
627 481 695 520 αὐτῇ
708 480 788 521 χειρὶ,
801 480 911 510 καὶκα-

141 521 224 560 θαιρῶ
232 522 266 559 τῇ
277 521 345 559 αὐτῇ
354 520 435 560 χειρὶ,
443 519 488 549 καὶ
500 519 592 550 τύπτω
601 520 646 550 καὶ
656 521 803 560 θεραπεύω.
813 519 911 550 Ἔσται

140 554 185 589 οὗν
206 559 237 589 τὸ
252 559 336 600 τύψαι
354 560 400 589 καὶ
417 560 447 589 τὸ
467 562 628 601 θεραπεῦσαι
647 560 756 597 ταύτόν;
778 561 821 600 Τῇ
843 561 909 600 αὐτῇ

140 599 212 640 χειρὶ
222 599 267 629 καὶ
276 600 338 630 ὦθῶ
348 600 392 630 τὸν
406 600 537 636 τήκοντα
543 626 551 638 ‚
563 600 608 630 καὶ
623 599 716 640 ἐγείρω
724 600 769 630 τὸν
781 599 896 630 πεσόντα
903 612 909 619 ·

139 642 174 692 τῇ
186 640 253 679 αὔτῇ
264 640 334 690 χειρὶ
345 639 390 670 καὶ
399 640 516 680 ψηφίζω,
526 640 571 670 καὶ
581 639 637 670 λύω
646 639 695 677 τὴν
705 641 801 681 ψῆφον.
812 639 910 671 Ἔσται

140 691 186 710 ουν
199 679 244 709 καὶ
257 691 288 709 το
300 680 416 720 ψηφίσαι
429 679 475 710 καὶ
491 680 522 710 τὸ
537 682 616 710 λῦσαι
633 679 682 716 τὴν
695 681 781 720 ψῆφον
801 679 909 717 roh-du

140 721 235 749 Ταῦτα
252 715 297 749 οὗν
317 722 365 749 οὐκ
381 720 438 749 ἔστι
447 719 613 774 μωρολογίας
632 719 769 756 ἐπέκεινα;
785 722 869 749 ταῦτα
881 722 910 750 οὐ

141 762 228 798 μῦθοι,
240 759 286 789 καὶ
300 759 432 800 ἀκαιρίαι;
454 762 515 800 Apa
528 762 558 790 οὐ
573 759 658 791 στένει
668 762 687 796 ἡ
698 759 772 800 ψυχὴ
786 760 910 796 Παύλου;

140 800 189 828 οὐκ
209 800 350 838 ἀγανακτεῖ
363 799 420 829 Πέτ
470 822 478 836 ,
491 799 616 830 τοιούτων
628 800 755 840 ῥημάτων
773 799 912 838 κωμαζόν-

141 835 194 868 των
213 839 282 868 κατὰ
312 841 360 875 τῆς
387 812 464 875 &KZ
484 839 667 876 διδασκαλίαςς
683 841 702 856 ““
715 839 845 879 Ἀπέγνως
866 840 911 870 τὸν

141 879 274 919 Χριστὸν,
298 879 343 909 καὶ
364 879 459 918 ἔμαθες
477 879 512 909 τὰ
525 879 629 920 ἑτέρων.
645 882 704 910 Οὔκ
727 879 843 916 ἤκουσας
864 883 910 909 τοῦ

142 918 240 958 Κυρίου
253 919 382 958 λέγοντος,
393 918 445 953 Ὃς
457 920 488 949 ἂν
502 922 553 950 αῖσ·
582 923 632 959 νθῇ
645 932 688 959 με,
703 919 748 950 καὶ
762 919 822 953 τοὺς
833 919 911 959 ἐμοὺς

140 958 246 998 λόγουςς
260 959 359 989 Πολλοὶ
375 959 503 993 πολλάκις
523 932 640 1000 ὶζὲἲπὸν
658 961 830 999 ὁμολογοῦσι,
851 959 912 994 τοὺς

142 998 170 1028 δὲ
183 1000 200 1028 λ
232 1010 275 1032 ους
291 1001 370 1029 αὐτοῦ
384 999 562 1039 αἰσχύνονται.
573 998 851 1050 [ὉμολογεῖκΧριστὸν
868 1002 911 1029 αἱ-

141 1038 812 1119 {2}‘210132‘535‘23333552302‘232?“3532ssssss
827 1039 911 1119 {32⁰3

143 1118 257 1156 ἀπαθής;
272 1120 377 1149 Οὐκοῦν
391 1119 460 1149 κατὰ
471 1121 567 1159 ῥεῦσιν,
582 1121 674 1149 οὐκοῦν
690 1119 759 1149 κατὰ
772 1118 889 1154 ποίησιν.

181 1437 264 1479 Ὁρᾶς
287 1439 328 1469 ὅτι
353 1439 466 1480 αἰσχύνῃ
495 1439 526 1469 τὸ
553 1440 639 1479 ῥῆμα;
668 1438 706 1468 Ὦ
735 1439 784 1474 τῆς
812 1438 909 1471 ἀνοίας.

142 1469 279 1517 Ἐγένοντο
290 1479 385 1514 λέξεων
397 1479 520 1520 θηραταὶ,
533 1479 578 1508 καὶ
592 1480 621 1508 οὐ
633 1480 680 1514 τῆς
692 1478 826 1517 δυνάμεως
837 1480 911 1529 ἀκρι-

140 1517 196 1551 Sei(
209 1517 360 1552 ἐξετασταί·
375 1519 462 1549 πάντα
475 1519 526 1559 γὰρ
541 1519 656 1558 ἔφθειρεν
670 1521 688 1554 ἡ
702 1517 857 1557 ματαιότης.
885 1520 910 1547 0

141 1557 169 1587 δὲ
190 1558 318 1592 πολλάκις
335 1553 418 1594 εἶπον,
436 1561 489 1588 τῶν
507 1560 644 1598 αἱρετικῶν
667 1559 694 1587 αἱ
716 1559 756 1596 ἀρ’
770 1557 797 1586 αὶ
816 1552 909 1593 αὗται,

141 1597 187 1627 καὶ
200 1600 227 1627 αἱ
240 1598 324 1637 πηγαὶ
336 1598 422 1633 δ’ἥλαι.
437 1597 472 1628 Ἦ
492 1597 640 1633 Ἐκκλησία
655 1599 756 1636 αἱρετικ
775 1608 788 1624 ν
801 1595 856 1635 ἔχει
871 1597 911 1625 δι-

142 1637 296 1667 δασκαλίαν.
313 1637 327 1653 ⁵
338 1636 406 1666 Εἰπὲ
422 1636 466 1666 τὸν
486 1637 652 1676 ἡγησάμενον
675 1636 845 1675 γεγεννῆσθαι
864 1639 910 1665 τοῦ

141 1677 341 1716 προειρημένου.
356 1676 405 1710 Τίς
426 1678 496 1706 ἐστιν
515 1679 530 1706 ὁ
542 1676 641 1712 ταύτην
654 1677 713 1705 καθ’
734 1677 814 1713 ἡμᾶς,
826 1674 859 1710 ἣν
878 1675 909 1705 σὺ

141 1717 230 1749 καλεῖς
250 1716 364 1756 αἵρεσιν,
384 1716 526 1755 γεννήσαςς
548 1715 605 1745 Ἀπ’
624 1717 708 1755 ἀρχῆς
726 1716 749 1744 οἱ
768 1714 909 1744 ἀπόστολοι

142 1755 190 1790 ἐκή
225 1755 286 1789 ξαν·
301 1755 369 1794 μετὰ
381 1755 440 1789 τοὺς
454 1755 614 1789 ἀποστόλους
625 1757 642 1790 ἦ
655 1757 680 1784 ἐν
696 1753 796 1794 Notata}
806 1753 910 1788 σύνοδος

139 1794 186 1823 έὸε
205 1795 294 1825 αίωσε.
305 1795 359 1826 Καὶ
366 1794 411 1824 ἵνα
419 1796 522 1835 δειχθῇ,
532 1795 572 1824 ὅτι
583 1794 735 1833 οἰκουμένης
744 1789 776 1830 ἦν
783 1796 800 1830 ἡ
813 1793 910 1831 πίστις,

141 1834 271 1864 τοσούτων
284 1834 475 1876 συναχθέντων,
485 1834 553 1864 ἑπτὰ
562 1834 637 1873 μόνοι
646 1834 818 1874 διεφώνησαν,
830 1833 855 1863 οἳ
865 1834 910 1863 καὶ

142 1874 376 1915 ἀπεκηρύχθησαν.
403 1875 484 1904 Πᾶσα
504 1877 522 1911 ἡ
545 1874 684 1913 οἰκουμένη
710 1873 891 1914 συνεφώνησεν
901 1898 909 1912 ,

141 1914 232 1951 ἐπειδὴ
242 1918 289 1944 τοῦ
303 1914 454 1955 φυράματος
462 1910 495 1951 ἦν
508 1916 554 1944 τοῦ
567 1915 752 1944 ἀποστολικοῧ.
759 1913 813 1943 Καὶ
823 1914 871 1953 δρα
880 1915 911 1944 τὸ

141 1954 302 1993 θαυμαστόν.
316 1954 369 1984 Καὶ
383 1954 533 1994 ἐμιμήσατο
549 1957 566 1990 ἡ
578 1953 634 1984 Νέα
652 1955 684 1983 δι’
697 1952 846 1992 οἰκονομίας
860 1953 910 1989 τὴν

141 1994 273 2024 Παλαιάν.
283 1994 352 2023 εὈτε
364 1996 388 2024 ot
399 1995 515 2033 βασιλεῖς
525 1993 667 2034 Ἀσσυρίων
681 1994 794 2029 ἐπῆλθον
802 1993 846 2022 ἐπὶ
859 1992 907 2029 τὴν

139 2036 190 2072 γῆν
211 2035 260 2068 τῆς
279 2033 474 2071 Παλαιστίνης,
493 2034 598 2069 ἐξῆλθεν
619 2033 739 2073 mpetu
763 2033 832 2062 κατὰ
855 2034 913 2063 τῶν.

141 2074 191 2102 ἄλλ
232 2073 309 2109 ’λων,
326 2073 396 2103 κατὰ
413 2073 492 2103 πέντε
511 2073 655 2113 βασιλέων
683 2072 774 2108 ἐξῆλθε
797 2072 874 2111 μόνος
893 2076 907 2103 ὁ

140 2085 241 2146 mum
255 2113 308 2143 Καὶ
326 2113 422 2147 πόσους
439 2113 576 2154 στρατεύει
594 2115 652 2142 κατ’
675 2114 777 2148 αὐτῶν;
794 2112 907 2147 Δούλους

139 2152 303 2201 τριακοσίους
316 2154 469 2192 οἰκογενεῖς,
484 2153 530 2183 καὶ
539 2152 685 2203 [δεκαοκτώ.
698 2152 796 2203 ἶΌσους
809 2152 908 2202 {erpo}-

140 2191 509 2270 ἷῖἶῗζὲιὸξᾷῗΐῶἷῖὰεσως
520 2204 532 2260 2⁵
533 2192 908 2272 zss‘gggffleffgggfissf’fgssg

140 2270 308 2320 ἀλλοφύλων,
329 2271 427 2308 μᾶλλον
443 2270 470 2299 δὲ
491 2270 567 2304 ὅσους
585 2273 667 2300 Emori?
688 2270 908 2311 συνεστράτευσε,

140 2314 278 2343 τοσουτὺυς
295 2311 309 2338 ὁ
330 2309 443 2349 Χριστὸς
461 2312 518 2348 μεθ’
538 2312 631 2348 ἑαυτοῦ
649 2283 750 2340 6¹3an
769 2309 838 2339 κατὰ
856 2311 907 2339 τῶν

140 2351 167 2378 α’
186 2349 275 2378 ε’σεων.
289 2348 444 2399 Τριακόσιοι
455 2349 588 2379 δεκαοκτὼ
601 2349 739 2380 ἐπίσκοποι
752 2351 779 2379 ἐν
791 2348 890 2389 Νικαίᾳ
900 2361 907 2368 ·

141 2360 218 2418 agui
229 2400 374 2428 τριακοσιοι
388 2388 521 2418 δεκαοκτὼ
535 2389 635 2418 οἰκέται
648 2391 693 2419 τοῦ
708 2388 828 2429 Ἀὅραὰμ
841 2390 907 2418 οἷκσ

142 2428 297 2466 γενεῑς.·Διὰ
315 2428 342 2458 τί
355 2430 494 2468 οἰκογενεῖς
510 2423 596 2466 εἶπας
612 2424 680 2468 Εἶχε
698 2428 749 2469 γὰρ
769 2428 814 2458 καὶ
828 2429 909 2469 ἄργυ-

177 2526 188 2538 ⁸
205 2520 261 2544 Duo
273 2519 330 2545 Mu.
344 2523 444 2552 ἀπίγνως
455 2525 486 2547 τὰ
497 2523 537 2547 τοῦ
546 2523 648 2555 χριστοῦ.

179 2560 193 2578 b
216 2559 274 2584 uaee
294 2560 399 2584 omnino
412 2565 532 2592 corrupta
552 2567 604 2585 esse
616 2558 730 2587 videntur
749 2569 753 2583 :
773 2565 799 2585 et
816 2565 898 2585 tamen

302 2609 376 2628 Tou.
399 2609 441 2629 Vl.

1449 243 1609 273 crsuadeat:
1626 254 1704 274 nem-

963 290 998 319 pe
1008 279 1101 309 eodem
1113 281 1194 320 plane
1206 281 1296 318 modo,
1307 293 1359 312 non
1371 254 1516 322 pulczrum
1529 284 1596 321 fore,
1608 284 1632 314 si
1645 295 1703 324 quae

962 320 1031 349 laeta
1043 327 1105 349 sunt
1114 320 1235 350 eamdem
1248 321 1376 351 haberent
1386 323 1525 353 virtutem.
1537 324 1635 364 Accipe
1647 335 1704 354 ma-

963 369 1030 388 num
1042 370 1128 390 meam
1140 371 1200 399 quae
1209 361 1262 390 sub
1276 369 1412 402 aspectum
1425 362 1508 399 cadit,
1521 370 1551 392 ut
1564 374 1599 393 ex
1609 364 1706 393 visibi-

961 398 1035 429 libus
1051 399 1087 429 ad
1097 400 1247 430 invisibilia
1260 409 1448 440 argumentum
1462 402 1589 433 ducatur.
1605 405 1705 433 Manus

960 438 1019 469 haec
1031 450 1095 469 cum
1110 451 1159 480 per
1171 440 1286 480 seipsam
1301 451 1352 470 una
1361 442 1406 478 sit,
1413 442 1556 473 et.diversa
1566 450 1703 483 operetur,

961 488 1014 508 non
1028 486 1113 520 potest
1129 490 1159 510 ea
1173 490 1233 519 quae
1246 481 1423 520 perficiuntur
1436 482 1488 512 sub
1501 493 1554 512 uno
1567 483 1705 523 cogitandi

961 528 1057 558 genere
1065 519 1203 550 exhibere.
1211 520 1339 561 Exempli
1351 531 1441 557 causa,
1451 521 1544 552 eadem
1555 533 1636 552 manu
1645 523 1705 554 effi-

961 558 1003 588 cio
1020 566 1047 588 et
1070 558 1199 596 destruo,
1213 570 1310 600 ergone
1334 561 1398 600 quia
1419 561 1540 607 ejusdem
1557 573 1652 593 manus
1665 570 1704 593 est

961 597 1066 628 efficere
1080 605 1107 629 et
1117 598 1266 637 destruere,
1281 607 1426 639 utrumque
1437 601 1475 631 1di
1497 613 1556 631 sum
1578 603 1637 632 est?
1652 605 1704 633 At-

961 637 1010 678 qui
1022 649 1076 668 non
1100 638 1221 679 idipsum
1233 646 1285 670 est.
1300 612 1528 680 Quandoquidem
1540 641 1635 672 dicunt
1648 643 1703 679 illi,

961 688 1010 708 nos
1036 678 1090 708 alio
1109 678 1190 709 modo
1208 680 1328 720 gignere,
1343 680 1399 710 alio
1422 681 1550 721 operari:
1574 682 1663 713 dicam
1679 690 1706 713 et

960 728 1020 757 ego,
1030 717 1125 748 eodem
1138 719 1230 755 modo,
1245 719 1337 749 eadem
1349 731 1431 750 manu
1444 720 1542 757 condo,
1555 722 1648 752 eadem
1661 722 1706 752 de-

960 764 1048 795 struo,
1060 765 1086 788 et
1098 759 1211 789 verbero
1234 766 1261 789 et
1270 770 1346 790 curo.
1358 760 1454 790 Eritne
1467 760 1551 801 igitur
1564 762 1706 792 verberare

960 804 987 827 et
1014 808 1109 828 curare
1132 798 1272 840 idipsum?
1288 798 1391 830 Eadem
1413 811 1494 831 manu
1517 807 1630 831 stantem
1658 802 1706 832 im-

961 837 1046 877 pello,
1059 845 1086 868 et
1107 838 1213 878 lapsum
1235 839 1320 879 erigo.
1346 839 1438 870 eadem
1463 851 1544 870 manu
1570 842 1704 871 calculum

926 890 944 914 c
960 887 1042 917 pono,
1056 877 1148 908 eadem
1168 879 1284 910 resolvo.
1300 880 1396 909 Eritne
1417 891 1480 919 ergo
1498 881 1633 910 calculum
1657 892 1706 922 po-

961 927 1025 947 nere
1036 924 1063 947 et
1073 918 1206 948 resolvere
1217 919 1288 948 idem
1295 919 1310 948 9
1330 921 1426 949 Annon
1437 920 1494 949 haec
1513 931 1620 950 omnem
1634 921 1706 951 insa-

961 956 1034 986 niam
1057 958 1205 998 superant?
1218 969 1306 988 annon
1332 959 1389 988 haec
1414 959 1512 988 sabulae
1525 967 1551 989 et
1574 960 1680 1000 ineptiae
1691 961 1705 990 Ρ

962 998 1059 1026 Annon
1074 998 1151 1027 Pauli
1176 998 1280 1027 animus
1304 998 1454 1044 ingemiscit
1463 999 1477 1028 Ξ)
1499 1010 1587 1030 annon
1611 1002 1707 1030 Petrus

961 1035 1129 1076 indignatur,
1144 1045 1257 1067 cumtot
1273 1038 1360 1067 verbis
1368 1046 1459 1068 contra
1473 1038 1594 1069 divinam
1607 1039 1707 1070 doctri-

962 1086 1026 1105 nam
1039 1076 1256 1107 debacchentur?
1272 1077 1414 1107 Christum
1424 1077 1583 1119 repudiasti,
1598 1087 1625 1109 et
1634 1080 1706 1110 alio-

962 1126 1024 1146 rum
1032 1115 1183 1146 doctrinam
1194 1117 1336 1157 amplexus
1343 1128 1381 1147 es.
1395 1119 1493 1148 Annon
1506 1119 1605 1149 audisti
1621 1120 1705 1150 Chri-

962 1162 1034 1185 stum
1058 1155 1200 1194 dicentem,

962 1245 1023 1265 men
1047 1235 1131 1280 pudet
1151 1234 1280 1266 doctrinae
1303 1237 1373 1276 ejus.
1395 1237 1544 1267 Confitetur
1564 1238 1706 1269 Christum

962 1274 1114 1313 haereticus,
1135 1285 1285 1306 sermonem
1304 1282 1395 1306 autem
1416 1284 1506 1308 movet
1528 1277 1562 1308 de
1583 1279 1662 1308 Patre
1680 1286 1707 1308 et

961 1314 1046 1353 Filio,
1061 1322 1088 1344 et
1097 1314 1182 1355 pudet
1195 1315 1276 1346 illum
1290 1315 1368 1352 dicti,
1383 1316 1474 1356 aitque
1488 1329 1495 1346 :
1507 1317 1582 1347 Num
1601 1319 1704 1358 genuit,

960 1354 1008 1393 qui
1019 1354 1151 1395 passionis
1158 1361 1200 1384 est
1210 1355 1327 1396 expers?
1341 1356 1415 1396 Ergo
1427 1367 1478 1397 per
1487 1356 1632 1396 effluxum,
1642 1369 1705 1398 ergo

961 1404 1009 1434 per
1018 1394 1211 1435 operationem.

1000 1439 1029 1468 6.
1049 1438 1150 1469 Viden·
1163 1449 1246 1478 quam
1264 1439 1356 1480 ipsum
1368 1440 1447 1470 verb‘i
1457 1440 1577 1480 pudeat?
1591 1443 1616 1472 Ο
1637 1442 1706 1471 stul—

961 1477 1048 1509 titiam
1060 1477 1068 1507 !
1087 1479 1179 1509 Verba
1193 1486 1373 1519 aucupantur,
1389 1487 1415 1509 et
1427 1480 1552 1510 virtutem
1566 1491 1618 1510 non
1629 1492 1707 1511 accu—

961 1524 1017 1546 rate
1027 1518 1181 1548 examinant
1197 1530 1205 1549 z
1229 1519 1319 1548 omnia
1342 1519 1445 1559 quippe
1465 1520 1637 1550 labefactavit
1657 1532 1705 1551 va-

961 1556 1041 1586 nitas.
1067 1557 1149 1594 Quod
1165 1567 1230 1587 vero
1256 1568 1326 1597 saepe
1348 1558 1418 1594 dixi,
1440 1558 1626 1589 haereticorum
1648 1560 1706 1591 haee

961 1596 1048 1635 princi
1070 1596 1107 1632 ia,
1126 1596 1256 1626 bisontes
1278 1597 1410 1626 manifesti
1421 1605 1491 1627 sunt.
1506 1600 1580 1628 Hanc
1597 1598 1704 1629 haereti-

961 1645 1021 1664 cam
1063 1635 1194 1665 octrinam
1215 1635 1338 1666 Ecclesia
1363 1637 1455 1674 habet,
1475 1637 1613 1676 inquiunt.
1640 1639 1703 1675 Dic,

926 1687 946 1710 ι)
961 1674 1022 1713 quis
1043 1674 1236 1705 existimaverit
1257 1676 1376 1715 genitum
1396 1686 1464 1706 esse.
1488 1678 1557 1714 Quis
1578 1678 1701 1718 hujusce,

961 1725 1043 1753 quam
1061 1721 1091 1744 tu
1105 1721 1183 1754 putas
1196 1714 1309 1744 haeresin
1328 1726 1395 1752 esse,
1409 1723 1503 1745 auctor
1513 1717 1573 1746 est?
1587 1719 1609 1746 Α
1623 1719 1703 1762 prin—

960 1754 1032 1794 cipio
1040 1753 1156 1794 apostoli
1166 1754 1362 1794 praedicarunt3
1378 1762 1438 1795 post
1449 1757 1583 1796 apostolos
1594 1758 1702 1788 Nicaena

960 1793 1080 1833 synodus
1092 1792 1272 1823 continna÷it.
1288 1795 1328 1824 Ut
1340 1802 1428 1824 autem
1446 1795 1535 1835 palam
1546 1804 1614 1826 esset
1633 1797 1703 1828 hanc

960 1833 1043 1864 totius
1054 1833 1126 1863 orbis
1138 1843 1195 1863 esse
1207 1832 1301 1871 fidem,
1315 1845 1350 1864 ex
1361 1842 1400 1864 tot
1417 1836 1583 1875 congregatis
1601 1843 1702 1876 septem

960 1879 1063 1902 tantum
1084 1872 1283 1910 dissenserunt,
1303 1874 1350 1913 qui
1381 1875 1461 1904 etiam
1486 1875 1603 1905 abdicati
1625 1884 1698 1907 sunt.

959 1912 1051 1942 Totus>
1059 1912 1133 1942 orbis
1153 1913 1296 1949 consensit,
1310 1914 1374 1953 quia
1390 1925 1425 1944 ex
1449 1925 1535 1945 massa
1554 1926 1570 1945 a
1590 1916 1701 1946 ostoliea

959 1959 1026 1981 erat.
1051 1954 1090 1981 Ac
1109 1951 1173 1982 vide
1196 1963 1252 1982 rem
1263 1953 1426 1983 mirabilem.
1440 1955 1540 1985 Divina
1585 1956 1590 1961 '
1606 1966 1701 1995 pensa-

958 1991 1030 2021 tione
1042 1991 1142 2022 factum
1160 1998 1211 2029 est,
1226 1999 1255 2022 ut
1267 1994 1384 2026 ‚Novum
1399 1994 1600 2025 Testamentum
1614 1997 1700 2027 Vetus

958 2031 1116 2061 imitaretur.
1131 2033 1202 2062 Cum
1214 2042 1288 2072 reges
1302 2033 1476 2073 Assyriorum
1488 2034 1516 2063 in
1531 2035 1700 2066 Palaestinam

956 2071 1121 2111 irruperunt,
1128 2071 1196 2101 exiit
1206 2071 1343 2102 Abraham
1353 2080 1443 2103 contra
1455 2074 1628 2114 alienigenas,
1638 2086 1700 2105 con-

957 2118 999 2140 tra
1022 2111 1141 2150 quinque
1152 2121 1242 2151 τομᾶς
1256 2111 1341 2143 exivit
1360 2113 1434 2142 solus
1446 2113 1546 2144 fidelis.
1562 2116 1636 2151 Quot
1650 2115 1698 2144 ad-

957 2161 1051 2180 versus
1064 2160 1109 2180 eos
1122 2150 1234 2181 eduoit?
1247 2152 1346 2182 Servos
1355 2159 1486 2184 trecentos
1498 2160 1524 2183 et
1540 2153 1698 2190 octodecim,

958 2190 1083 2259 {Rsosque
1110 2200 1215 2225 vernas,
1238 2193 1312 2229 Quot
1335 2192 1472 2222 Abraham
1498 2193 1589 2222 educit
1607 2201 1700 2223 contra

986 2239 1130 2270 remgenas,
1146 2237 1185 2261 tot
1206 2230 1301 2260 eduxit
1313 2231 1438 2262 Christus
1458 2239 1550 2262 contra
1564 2232 1676 2262 haereses
1690 2243 1696 2261 ι
1709 2231 1797 2263 Gen-¹4
1813 2233 1847 2261 ¹4»

959 2276 1025 2308 quot
1035 2276 1129 2301 contra
1137 2269 1291 2311 allophylos
1308 2271 1449 2310 produxit,
1467 2272 1521 2301 imo
1532 2282 1622 2301 secum
1633 2272 1699 2301 edu·

925 2330 944 2354 E
960 2309 1001 2339 xit
1014 2309 1165 2347 Abraham,
1184 2316 1223 2340 tot
1236 2310 1360 2340 Christus
1380 2321 1470 2340 secum
1484 2311 1600 2340 armavit
1609 2318 1700 2340 contra

960 2348 1081 2379 hat-esee.
1097 2350 1221 2380 Trecenti
1241 2349 1333 2380 decem
1344 2357 1370 2380 et
1393 2357 1453 2380 octo
1471 2350 1591 2390 episcopi
1606 2350 1700 2380 Nicaeae

959 2395 1046 2426 erant,
1059 2395 1087 2419 et
1094 2389 1153 2419 illic
1162 2389 1272 2420 trecenti
1285 2389 1377 2419 decem
1391 2396 1417 2419 et
1430 2396 1489 2419 octo
1500 2389 1594 2418 famuli
1608 2399 1702 2419 verna-

960 2428 1016 2459 culi
1027 2428 1152 2459 Abrahae.
1168 2430 1225 2459 Cur
1235 2439 1332 2460 vernas
1346 2428 1475 2460 vocavit?
1489 2428 1620 2457 Habuerit
1630 2428 1702 2458 enim

948 2528 1034 2547 omnes
1044 2519 1102 2546 Mu.
1115 2519 1152 2545 sic
1164 2518 1267 2544 habent.

1547 2598 1584 2633 44

1219 1158 1276 1196 Qui
1293 1167 1339 1186 me
1361 1159 1508 1187 erubuerit
1518 1166 1546 1188 et
1561 1169 1706 1189 ser-mones
1717 1170 1790 1192 Marc.
1803 1170 1826 1192 8,

962 1205 1040 1226 meos
1050 1198 1064 1224 Ρ
1077 1196 1162 1225 Multi
1171 1206 1241 1236 saepe
1252 1197 1394 1227 Christum
1403 1198 1573 1235 confitentur,
1585 1209 1652 1237 quos
1665 1207 1706 1229 ta·
1715 1201 1767 1224 38..
