1904 2840
17 448 85 470 Psnl.
95 447 134 472 38.

21 478 58 501 13.

21 728 109 752 colam.
117 729 140 752 3.

22 766 30 782 i
36 766 48 781 2
52 776 57 782 .

21 850 76 872 Gal.
88 849 111 872 3.
119 856 157 879 27.

17 1194 82 1216 Psal.
94 1194 133 1223 54.

17 1361 86 1383 ΡιιιΙ.
94 1359 158 1390 ²93·

677 189 709 213 IN
734 191 938 215 MATULEUM.
965 193 1083 216 HOMIL.
1112 192 1182 217 Liv.

169 249 198 278 in
210 248 313 278 actibus
326 248 404 278 bonis
419 262 425 278 ε
442 249 489 288 qui
503 249 655 280 sitientibus
668 252 718 280 Dei
731 252 903 291 agnitionem,

168 295 260 328 potum
273 287 392 318 veritatis
405 288 633 319 ministraverunt.
650 291 702 319 Aut
715 299 784 320 certe
795 292 905 323 cibave—

168 334 231 356 runt
252 337 307 364 eos,
322 327 350 356 in
364 328 448 357 verbo
460 328 584 358 docentes
600 342 606 357 :
622 336 782 369 potaverunt
803 338 902 367 autem,

168 365 196 394 in
209 366 314 405 Spiritu
325 374 415 396 sancto
425 367 586 407 baptizantes
599 371 698 398 animas
712 370 862 409 peregrinas
876 370 904 399 iu

167 405 280 435 mundo.
296 407 395 435 Omnes
408 407 478 436 enim
495 408 590 437 animae
603 415 672 438 recte
686 409 830 448 peregrinae
842 416 905 438 sunt

168 444 196 473 in
218 445 270 474 hoc
290 445 409 484 mundo,
424 457 483 485 quae
506 455 616 486 possunt
633 447 739 477 dicere:
759 449 904 487 Quoniam

169 485 285 514 advena
293 495 358 514 sum
370 496 423 523 ego
433 487 513 525 apud
521 493 549 515 te
559 489 591 516 in
605 494 691 521 terra,
701 494 729 516 et
735 491 904 527 'peregrinus

167 526 243 554 sicut
264 535 364 554 omnes
383 532 482 565 patres
506 528 572 555 mei.
594 527 716 558 Verbum
744 527 816 556 enim
841 527 905 556 fidei

167 564 352 603 praedicantes,
366 565 498 604 colligunt
515 565 617 595 animas
631 577 665 596 ex
677 566 842 611 dispersione
855 566 905 595 ali-

167 604 244 643 cujus
267 604 375 641 erroris,
389 611 415 634 et
436 605 537 634 faciunt
554 616 598 634 eas
611 606 768 635 domesticas
787 612 813 634 et
827 605 905 635 cives

167 650 329 680 sanctorum.
345 645 438 684 lpsum
449 644 511 673 colli
533 652 579 674 unt
588 645 736 680 Christum,
747 645 794 684 qui
806 644 903 680 nudos,

168 689 194 711 et
206 682 296 712 adhuc
309 683 365 712 sine
378 684 469 722 aliquo
482 656 639 714 indumento
648 685 769 724 justitiae,
784 684 904 713 docendo

165 722 308 760 justitiam,
324 723 456 759 vestiunt,
472 723 540 753 sicut
566 724 695 764 scriptum
708 731 748 753 est
763 736 770 752 :
786 724 904 753 Induite

166 771 223 790 vos
235 763 349 791 viscera
368 764 580 799 misericordioe,
593 764 691 802 fidem,
703 774 816 803 pacem,
831 765 905 792 cari-

169 806 258 830 tatem
266 813 275 839 ;
292 809 338 831 aut
350 802 500 838 Christum,
514 803 676 843 baptizantes
689 813 734 832 eos
747 803 773 831 in
785 802 903 839 Christo,

169 840 238 869 sicut
251 841 380 887 scriptum
393 849 431 871 est
446 854 452 871 :
470 843 622 882 Quotquot
640 844 672 871 in
688 843 802 871 Christo
816 843 906 881 bapti-

169 881 229 908 zali
253 887 322 910 estis
332 903 340 917 ,
366 881 513 911 Christum
536 883 684 911 induistis.
707 882 742 911 Et
768 881 815 920 qui
841 882 906 911 tales

169 917 290 950 infirmos
303 927 328 950 et
341 921 438 950 morbo
450 921 599 951 carnalium
612 921 738 950 vitiorum
752 921 906 960 languentes

169 959 269 995 visitat,
282 966 307 989 et
320 960 510 990 medicamento
525 967 600 990 curat
611 960 753 997 doctrinae,
768 960 906 990 Christum

168 1005 244 1027 curat
255 999 281 1027 in
293 999 331 1028 eis
346 1011 352 1027 ε
366 1000 429 1038 quia
441 998 511 1029 sicut
520 1000 548 1028 in
560 1000 669 1039 integi-is
680 1000 818 1029 animabus
829 1000 907 1028 Chri-

168 1044 226 1067 stus
240 1039 340 1077 integer
352 1046 406 1074 est,
419 1039 458 1068 sic
470 1039 498 1068 in
519 1039 705 1078 languentibus
720 1039 837 1079 languet.
852 1039 906 1068 Sed

168 1084 195 1106 et
207 1077 254 1116 qui
268 1078 342 1107 venit
353 1078 388 1107 ad
400 1089 456 1114 eos,
469 1079 517 1117 qui
541 1078 598 1108 vivi
612 1078 805 1108 descenderunt
821 1078 849 1107 in
863 1078 905 1108 iu-

169 1117 288 1153 sernum,
302 1128 385 1156 opera
413 1118 551 1147 infernalia
577 1118 711 1154 facientes,
738 1117 768 1146 id
792 1125 845 1154 est,
859 1118 906 1156 qui

170 1163 232 1185 sunt
246 1156 272 1185 in
285 1167 388 1186 carcere
397 1180 404 1193 ‚
418 1164 444 1186 et
457 1165 519 1187 sunt
531 1158 585 1197 jam
608 1158 659 1187 sub
673 1157 792 1187 custodia
805 1157 905 1186 daemo·

170 1206 250 1231 num,
266 1197 335 1226 sicut
349 1196 417 1226 dicit
436 1197 572 1237 Scriptura
589 1209 596 1226 ι
612 1198 799 1226 Descendunt
810 1199 840 1225 in
859 1198 905 1226 in-

170 1235 287 1271 fernum
312 1237 441 1266 viventes
455 1249 466 1265 .·
483 1237 591 1267 veniens
611 1243 700 1266 autem
719 1247 768 1277 per
792 1237 905 1266 verbum

169 1274 259 1305 educit
271 1286 316 1304 eos
330 1275 364 1304 de
385 1276 433 1305 illo
446 1287 550 1306 carcere
563 1276 696 1309 infernali,
713 1284 742 1305 ut
756 1276 850 1305 liberet
861 1286 906 1305 eos

169 1314 203 1343 de
225 1314 345 1344 custodia
359 1314 521 1352 daemonum,
538 1322 568 1345 ut
609 1316 692 1345 ossint
706 1315 795 1345 dicere
808 1315 905 1354 gratias

169 1361 274 1393 agentes
288 1366 295 1382 ε
312 1355 437 1383 Domine
461 1356 552 1391 Deus,
568 1366 583 1384 c
597 1357 696 1384 amavi
709 1356 749 1383 ad
763 1362 804 1390 te,
814 1362 847 1384 -et
858 1366 904 1384 sa-

170 1395 248 1422 nasti
269 1404 314 1423 me
327 1406 336 1422 .·
352 1395 495 1431 Domine,
511 1396 652 1424 revocasti
670 1394 706 1422 ab
722 1395 825 1435 inseris
838 1396 904 1423 ani-

169 1443 248 1462 mam
271 1444 365 1462 meam
386 1446 394 1462 .-
421 1434 454 1463 ad
481 1434 619 1464 Christum
640 1434 714 1470 venit
740 1434 766 1462 in
789 1444 902 1463 carcere.

168 1472 197 1502 Si
211 1473 282 1502 enim
296 1473 352 1502 haec
366 1474 455 1502 omnia
468 1473 643 1513 corporaliter
653 1473 810 1540 copporibus
823 1473 904 1501 mini-

168 1518 251 1545 strare
271 1512 412 1548 debemus,
425 1519 451 1541 et
465 1523 566 1551 magnae
588 1512 687 1541 beatitu
711 1512 761 1540 inis
781 1518 831 1546 est,
845 1522 904 1549 quae

167 1550 275 1580 omnino
320 1558 360 1580 ost
380 1551 521 1580 -modicum
548 1558 609 1580 sunt
631 1551 761 1579 moritura
783 1562 789 1578 ε
813 1557 902 1590 putas,

167 1597 272 1628 quantae
346 1590 470 1620 titudinis
483 1597 532 1627 est,
546 1590 603 1619 haec
625 1589 714 1618 omnia
730 1590 905 1629 spiritualiter

167 1628 307 1658 animabus
327 1629 538 1669 periclitantibus
553 1629 712 1664 ministrare,
728 1639 788 1667 quae
810 1629 904 1659 vivifi-

168 1674 231 1697 catoe
252 1675 362 1708 possunt
382 1669 472 1698 vivere
486 1669 513 1698 in
527 1668 674 1698 aeternum?
688 1669 794 1705 Quanto
809 1669 904 1697 melior

167 1714 207 1737 est
229 1708 316 1736 anima
331 1719 410 1747 quam
432 1719 540 1748 corpus,
553 1714 625 1737 tanto
638 1707 749 1737 meliora
762 1714 824 1736 sunt
843 1718 903 1746 quae

168 1747 203 1777 ad
222 1747 334 1777 salutem
346 1748 506 1783 animarum,
521 1758 601 1786 quam
613 1757 672 1786 quae
686 1746 719 1776 ad
733 1747 903 1776 sustentatio-

168 1798 228 1817 nem
237 1797 380 1826 corporum
389 1786 582 1816 ministrantur.
590 1787 641 1815 41.
657 1786 682 1815 T
680 1797 735 1816 unc
745 1787 819 1815 dicet
830 1786 901 1823 illis,

169 1828 220 1867 qui
241 1828 280 1856 ad
292 1828 438 1855 sinistram
452 1833 519 1856 sunt
533 1837 544 1854 .·
558 1827 706 1855 Discedite
720 1837 738 1855 a
752 1836 797 1854 me
810 1826 904 1855 male-

169 1867 240 1896 dicei
251 1868 282 1895 in
295 1867 391 1905 ignem
402 1872 551 1895 aeternum.
564 1866 648 1902 Quasi
664 1865 709 1903 qui
726 1875 779 1894 non
796 1865 904 1894 sufferat

169 1906 333 1946 praesentiam
348 1905 458 1943 illorum
470 1906 512 1934 vel
526 1917 555 1935 as
576 1905 654 1940 icere,
669 1905 707 1934 sic
720 1904 795 1940 dicit,
806 1906 904 1933 Disce-

169 1946 229 1974 dite
239 1955 318 1974 ame.
325 1946 394 1974 Nam
401 1916 591 1974 sicutcarnaiizs
605 1943 694 1973 saeculi
703 1944 834 1973 carnalem
841 1954 904 1983 spe-

169 1984 313 2016 ciositatem
324 1984 440 2013 videndo
450 1983 625 2020 delectantur,
634 1983 718 2028 siqua
730 1990 816 2012 autem
830 1983 907 2012 dissi-

170 2031 230 2063 pata
244 2024 287 2054 vel
300 2023 429 2053 deformia
441 2022 593 2059 videamus,
607 2033 683 2062 quasi
695 2023 853 2052 vulneratus
867 2029 906 2052 est

169 2070 291 2103 aspectus
304 2070 391 2092 noster
407 2076 414 2092 ε
431 2063 469 2092 sic
482 2070 508 2092 et
519 2062 655 2101 Deus,qui
672 2061 698 2090 in
711 2061 847 2091 sanctitate
860 2061 907 2090 de-

170 2102 284 2132 lectatur
297 2102 460 2138 animarum,
473 2102 629 2141 peccatrices
643 2101 745 2130 animas
757 2101 885 2146 aspiciens
897 2123 904 2138 ‚

170 2142 246 2180 quasi
260 2149 386 2181 gravatus
394 2152 446 2171 non
458 2142 717 2179 suffert.Tamquam
728 2141 750 2169 si
762 2140 833 2169 dicat
845 2140 882 2169 eis
898 2152 904 2169 :
920 2159 922 2162 v

171 2182 255 2216 Quasi
276 2181 391 2220 putredo
403 2188 428 2210 et
441 2181 570 2220 spurcitia
583 2180 645 2210 est-is
655 2202 662 2214 ‚
679 2191 726 2209 nec
741 2179 841 2209 tamdiu
858 2189 907 2208 vos

171 2219 299 2256 sustineo,
312 2219 442 2256 quamdiu
456 2220 530 2248 statis
542 2219 684 2259 injudicio
706 2230 773 2248 meo.
790 2220 828 2248 Ut
840 2218 907 2256 quid

172 2259 296 2297 superius
319 2258 385 2287 dicit
400 2271 406 2287 z
426 2259 542 2293 Venite,
556 2259 699 2287 benedicti
712 2259 811 2287 Patris
826 2259 881 2286 mei
897 2269 905 2285 .-

173 2304 202 2326 et
219 2297 263 2327 hic
282 2308 334 2326 non
353 2297 436 2332 dicit,
450 2297 583 2326 Discedite
601 2308 615 2326 a
636 2308 694 2334 ine,
708 2297 841 2326 maledicti
857 2298 907 2326 Pa-

174 2337 223 2366 tris
245 2337 398 2374 mei?Quia
412 2335 561 2367 benedictio
585 2335 694 2375 quidem
714 2347 748 2365 ex
772 2337 829 2365 Deo
851 2342 907 2372 est,

174 2375 326 2406 maledictio
341 2382 429 2405 autem
447 2386 480 2404 ex
492 2374 599 2404 diabolo
611 2382 650 2404 est
663 2387 671 2404 ι
684 2375 752 2404 sicut
764 2374 911 2404 ostenditur

175 2416 202 2444 in
224 2415 270 2444 illa
286 2415 412 2455 parabola
427 2414 634 2454 patrisfamilias,
650 2414 696 2452 qui
711 2414 850 2443 seminavit
862 2414 911 2443 bo-

175 2464 241 2483 num
255 2465 340 2483 semen
356 2454 382 2483 in
395 2465 458 2493 agro
470 2465 529 2489 suo,
542 2453 621 2482 homo
635 2461 722 2482 autem
737 2453 822 2482 malus
834 2453 912 2482 semi-

176 2493 250 2522 navit
274 2494 409 2523 zizaniam.
433 2494 482 2522 affl,
499 2494 619 2522 Esurivi
641 2499 670 2521 et
696 2493 814 2522 dedistis
841 2493 912 2521 mihi

178 2533 366 2569 manducare,
379 2540 405 2562 et
428 2539 519 2562 caetera
540 2542 598 2570 quae
620 2538 778 2570 sequuntur.
793 2532 838 2561 Ex
861 2532 912 2561 isto

178 2571 236 2601 loco
248 2571 386 2601 sciendum
400 2578 450 2608 est,
460 2570 533 2610 quod
546 2581 598 2601 nun
611 2578 712 2601 mutum
726 2581 773 2611 pro
784 2581 826 2608 eo,
839 2571 912 2611 quod

1624 195 1687 231 97¹

925 256 944 279 Α
961 261 1163 293 peccaverunt,·
1180 255 1299 284 homiues
1325 251 1520 284 condemnandi
1544 260 1622 292 sunt,
1647 254 1695 284 sed

959 293 1039 321 etiam
1060 304 1109 332 pro
1125 304 1167 330 eo,
1181 294 1254 333 quod
1274 294 1341 323 bene
1364 304 1416 323 non
1436 293 1548 323 faciunt.
1562 294 1592 324 Si
1605 302 1693 324 autem

958 342 1007 371 pro
1019 342 1060 367 eo,
1071 332 1144 370 quod
1157 333 1223 362 bene
1234 343 1285 362 non
1298 333 1409 370 faciunt,
1419 333 1458 362 sic
1467 333 1691 363 condemnantur:

958 377 1035 410 putas
1050 372 1143 410 quales
1161 378 1251 412 poenas
1265 373 1402 402 exsolvent
1419 383 1469 412 pro
1487 383 1530 408 e0,
1544 372 1617 411 quod
1635 384 1695 413 pec-

958 411 1036 439 cant?
1047 412 1081 440 Et
1091 411 1171 450 digne
1181 424 1188 441 ι
1199 413 1269 441 Deus
1282 412 1354 441 enim
1365 412 1424 440 ideo
1439 411 1574 441 hominem
1583 413 1655 448 fecit,
1666 419 1695 442 ut

957 449 1111 486 benefaciat,
1127 457 1151 479 et
1165 451 1200 479 ad
1214 451 1323 490 gloriam
1339 452 1389 481 Dei
1402 451 1531 490 pertineat
1543 463 1551 481 ε
1567 462 1619 480 non
1634 452 1694 482 ideo

958 495 1071 525 tantum,
1082 497 1172 519 utnon
1189 497 1288 530 peccet.
1303 491 1371 520 Nam
1386 491 1408 519 si
1422 500 1473 519 non
1489 491 1566 519 faciat
1579 491 1692 528 bonum,

959 538 1006 558 nec
1019 536 1058 558 est
1071 539 1149 558 causa
1162 540 1243 568 quare
1261 536 1364 559 creatus
1384 536 1432 558 est.
1451 530 1514 559 Sine
1526 529 1610 560 dubio
1623 531 1695 560 enim

959 574 984 596 et
997 568 1019 597 si
1033 575 1137 598 creatus
1150 579 1201 597 non
1215 569 1322 605 fuisset,
1354 575 1471 598 eccatum
1486 578 1537 597 uon
1560 570 1693 599 ssei-etsu-

958 617 1006 645 per
1018 614 1124 636 terram.
1142 609 1211 638 Nam
1224 608 1272 647 qui
1284 607 1338 636 inte
1351 608 1410 647 tigit
1425 618 1450 636 m
1472 609 1581 637 sterium
1596 609 1695 638 divinae

957 645 1173 690 dispensationis,
1188 658 1270 686 quare
1287 647 1371 676 factus
1390 654 1428 676 est
1468 657 1543 683 om0,
1558 656 1695 686 cognoscet

958 695 1021 723 quia
1038 686 1131 715 merito
1142 687 1217 725 quasi
1229 696 1338 726 peccans
1351 686 1600 725 condemnetur‚qui
1613 687 1693 726 justi-

957 724 1022 753 tiam
1034 735 1085 754 non
1098 726 1175 755 facit..
1184 726 1247 755 Ideo
1262 727 1333 755 Deus
1345 726 1445 754 creavit
1457 725 1591 755 hominem
1604 736 1694 755 corru-

958 764 1079 803 ptibilem
1099 772 1124 794 et
1145 765 1293 800 infirmum,
1310 765 1385 803 quasi
1403 764 1439 794 ad
1456 772 1585 794 certamen
1605 772 1695 795 contra

933 826 935 828 .
958 803 1146 839 diabolum,ut
1155 805 1202 843 qui
1214 804 1378 844 gloriabatur
1389 814 1445 833 esse
1456 814 1484 832 se
1497 804 1612 834 similem
1626 806 1693 841 Deo,

959 853 1008 882 per
1027 840 1227 883 corruptibilem
1249 851 1370 873 naturam
1394 850 1535 872 evacuatus
1557 851 1581 873 et
1596 844 1693 881 victus,

959 882 1112 911 ostendatur
1119 893 1171 911 non
1179 883 1266 912 solum
1276 893 1326 911 non
1337 893 1392 912 esse
1401 882 1475 921 quasi
1485 883 1616 917 Deus‚sed
1623 884 1695 912 omui

958 921 1101 960 fragilitate
1120 922 1250 961 fragilior.
1266 922 1347 952 Unde
1361 933 1423 951 cuin
1438 921 1508 951 istud
1529 923 1695 962 propositum

959 971 1038 989 suum
1055 961 1177 990 Christus
1191 962 1342 1001 impleverit
1365 972 1413 1000 pei·
1437 960 1582 998 hominem,
1599 961 1628 990 id
1643 969 1693 996 est,

960 1010 1021 1029 cum
1035 1001 1203 1030 evacuaverit
1217 1012 1321 1030 omnem
1341 1001 1520 1040 principatum
1541 1007 1567 1029 et
1581 1008 1694 1040 potesta-

959 1045 1023 1075 tem,
1039 1046 1103 1069 tuuc
1124 1040 1210 1070 tradet
1223 1051 1335 1080 reguum
1352 1041 1407 1068 Deo
1422 1040 1504 1069 Patri.
1518 1040 1635 1079 Ideoque
1647 1040 1694 1079 qui

959 1089 1007 1107 suo
1033 1079 1144 1108 arbitrio
1167 1086 1193 1109 et
1215 1079 1374 1119 negligentia
1399 1078 1507 1109 diabolo
1534 1079 1623 1108 locum
1637 1079 1692 1116 dat,

959 1118 1098 1148 confundit
1110 1130 1171 1148 eum
1181 1142 1188 1155 ,
1201 1120 1245 1158 qui
1261 1126 1369 1159 propter
1382 1118 1494 1158 gloriam
1515 1129 1590 1148 suam
1603 1126 1694 1148 contra

959 1157 1098 1187 diabolum
1109 1180 1116 1194 ,
1142 1169 1203 1188 eum
1229 1159 1305 1197 quasi
1332 1158 1358 1186 in
1390 1157 1558 1197 expeditione
1580 1157 1694 1187 creando

959 1197 1124 1227 transmisit:
1141 1204 1166 1227 et
1187 1198 1287 1234 victus,
1301 1196 1416 1227 ostendit
1438 1196 1577 1226 diabolum
1602 1204 1694 1237 poten-

959 1243 1012 1265 tem
1036 1247 1103 1274 esse,
1127 1247 1188 1266 cum
1215 1237 1283 1266 nihil
1305 1237 1398 1277 possit.
1415 1236 1646 1273 Quemadmodum
1671 1237 1694 1266 si

979 1275 1020 1305 uis
1030 1287 1045 1305 a
1059 1287 1119 1315 rege
1132 1287 1180 1306 suo
1194 1284 1283 1306 contra
1298 1276 1400 1305 liostem
1414 1276 1594 1312 transmissus,
1609 1276 1695 1305 collu-

958 1287 999 1344 dit
1013 1326 1074 1344 cum
1088 1326 1129 1352 eo,
1144 1323 1167 1345 et
1182 1316 1293 1345 factione
1304 1315 1410 1351 habita,
1425 1315 1516 1354 fugam
1529 1316 1594 1354 petit
1610 1327 1616 1343 :
1632 1326 1694 1355 pro-

958 1354 998 1384 dit
1010 1365 1116 1383 causam
1127 1356 1197 1395 regis
1210 1355 1263 1391 sui,
1275 1362 1300 1384 et
1310 1354 1448 1384 confundit
1459 1355 1584 1383 virtutem
1596 1355 1690 1394 ipsius.

958 1394 1008 1423 44.
1029 1395 1110 1422 Tunc
1129 1396 1341 1434 respondebunt
1355 1400 1382 1423 et
1396 1396 1450 1434 ipsi
1470 1394 1596 1422 dicentes
1609 1407 1616 1422 .·
1632 1395 1693 1423 Do-

959 1434 1052 1469 mine,
1079 1439 1198 1472 quando
1225 1435 1355 1463 vidimus
1379 1440 1407 1462 te
1432 1436 1601 1462 esurientem
1613 1454 1620 1471 ‚
1642 1440 1694 1462 aut

958 1474 1123 1502 sitientem?
1136 1475 1161 1503 Ο
1175 1473 1386 1503 inconvertibilis
1402 1472 1578 1502 inobedientia
1602 1483 1692 1512 pecca—

958 1517 1045 1540 torum
1058 1511 1065 1540 1
1077 1512 1146 1548 Quis
1157 1522 1208 1541 non
1221 1512 1351 1551 intelligat
1362 1512 1422 1547 hoc,
1434 1511 1495 1549 quia
1506 1522 1582 1540 omne
1591 1511 1691 1553 malaeum

958 1550 1083 1585 facimus,
1097 1561 1148 1579 non
1164 1552 1227 1589 quia
1241 1551 1361 1580 homines
1379 1550 1566 1588 corruptibiles
1586 1561 1689 1587 sumus,

957 1589 1003 1618 sed
1024 1590 1086 1628 quia
1113 1590 1213 1619 malum
1232 1590 1398 1630 propositum
1422 1588 1608 1629 possidemus?
1624 1590 1691 1618 Ecce

958 1628 1030 1657 enim
1050 1636 1112 1658 tunc
1136 1629 1274 1658 hominum
1292 1636 1460 1668 peccatorum
1481 1629 1692 1668 corruptibilitas

958 1668 1044 1697 carnis
1058 1675 1161 1697 mortua
1174 1670 1235 1704 erit,
1246 1675 1272 1698 et
1285 1668 1374 1698 adhuc
1389 1667 1488 1696 malitia
1504 1667 1587 1696 vivet.
1603 1669 1688 1697 Num-

958 1707 1024 1745 quid
1037 1718 1089 1736 non
1103 1707 1242 1738 audierant
1255 1708 1399 1738 Dominum
1420 1718 1500 1746 supra
1514 1706 1643 1736 dicentem
1656 1707 1690 1735 ad

953 1746 1039 1785 justos
1052 1769 1060 1783 ,
1078 1747 1202 1786 Quando
1222 1750 1274 1776 uni
1295 1748 1478 1776 minimorum
1502 1748 1623 1775 istorum
1639 1748 1690 1787 fe-

957 1788 1051 1820 cistis,
1074 1787 1146 1815 milii
1158 1787 1297 1827 fecistis?
1310 1787 1345 1815 Et
1363 1786 1454 1824 utique
1477 1785 1623 1822 intelligere
1644 1785 1688 1814 de-

957 1825 1079 1859 buerant,
1095 1826 1229 1864 quomodo
1242 1826 1287 1864 qui
1310 1825 1464 1854 hominibus
1483 1835 1534 1854 non
1555 1825 1629 1861 facit,
1643 1835 1690 1853 nec

958 1865 1065 1894 Christo
1078 1865 1149 1894 facit.
1163 1865 1216 1895 Sed
1236 1865 1370 1894 audientes
1385 1864 1475 1894 adhuc
1495 1863 1688 1898 contradicunt,

958 1904 1134 1943 intelligentes
1147 1905 1251 1944 fingunt
1262 1915 1290 1934 se
1303 1914 1354 1934 non
1369 1903 1515 1943 intelligere
1528 1916 1537 1932 z
1549 1903 1576 1931 in
1586 1914 1596 1942 J
1602 1903 1690 1932 udicio

959 1943 1038 1979 stans,
1053 1950 1079 1972 et
1095 1943 1183 1973 adhuc
1220 1954 1308 1973 eccare
1326 1953 1377 1972 non
1395 1950 1506 1972 cessant.
1522 1943 1557 1972 Et
1570 1943 1614 1971 liic
1626 1953 1689 1971 con-

960 1989 1097 2021 sequenter
1107 1989 1132 2012 et
1145 1982 1178 2012 de
1191 1955 1346 2012 ‹iiictoribus
1368 1982 1445 2011 malis
1466 1981 1579 2019 intelligi
1593 1989 1688 2021 potest,

924 2030 943 2052 D
960 2023 1007 2060 qui
1021 2022 1059 2051 sic
1074 2022 1251 2051 esurientibus
1265 2029 1291 2051 et
1304 2021 1454 2051 sitientibus
1467 2021 1556 2050 cibum
1566 2020 1688 2060 justitiae,

960 2068 1006 2090 aut
1019 2068 1112 2101 potum
1130 2061 1274 2101 agnitionis
1286 2061 1345 2096 Dei,
1359 2067 1405 2090 aut
1418 2059 1533 2100 Spiritus
1543 2060 1625 2089 sancti
1638 2070 1689 2089 non

960 2107 1155 2146 praestiterunt;
1169 2101 1217 2139 qui
1239 2102 1277 2130 sic
1297 2100 1383 2130 nudos
1402 2110 1454 2128 non
1474 2100 1630 2136 vestierunt,
1645 2106 1805 2130 autcexxvin

957 2139 1088 2179 justitiam
1114 2138 1247 2177 docentes,
1261 2147 1307 2169 aut
1333 2140 1359 2169 in
1381 2139 1488 2169 Christo
1511 2138 1688 2178 baptizantes;

960 2179 1006 2217 qui
1021 2179 1059 2208 sic
1073 2179 1225 2218 peregrinos
1238 2180 1264 2208 in
1278 2179 1379 2208 mundo
1393 2188 1447 2208 non
1468 2178 1631 2216 collegerunt
1644 2188 1691 2216 per

960 2218 1084 2253 verbum,
1098 2228 1145 2247 nec
1158 2219 1185 2248 in
1199 2219 1324 2248 Ecclesiae
1335 2218 1444 2247 domum
1458 2228 1505 2257 per
1517 2216 1596 2245 fidem
1607 2218 1690 2245 intro—

961 2257 1107 2294 duxerunu
1119 2257 1164 2296 qui
1175 2258 1214 2287 sic
1224 2258 1344 2287 infirmos
1354 2267 1405 2286 non
1420 2262 1580 2285 curaverunt
1593 2264 1691 2284 serino-

962 2297 1042 2325 nibus
1054 2308 1061 2331 ;
1075 2297 1122 2335 qui
1136 2297 1164 2326 in
1177 2297 1224 2326 tali
1238 2307 1341 2326 carcere
1355 2297 1390 2325 im
1412 2295 1495 2324 ietatis
1508 2294 1626 2323 sedentes
1640 2303 1691 2337 non

963 2335 1112 2364 eduxerunt
1124 2346 1172 2376 pei·
1182 2336 1373 2376 poenitentiam.
1408 2337 1415 2362 i
1427 2334 1496 2362 enim
1507 2333 1562 2376 haec
1576 2342 1694 2371 corporis

963 2374 1119 2414 corporibus
1133 2385 1182 2404 non
1195 2382 1317 2415 praestare
1326 2380 1402 2402 tantae
1415 2372 1556 2415 impietatis
1565 2377 1614 2405 est,
1623 2381 1693 2409 quae,

964 2421 989 2442 et
1005 2414 1027 2443 si
1039 2414 1171 2453 accipiunt
1182 2425 1222 2449 ea,
1237 2424 1289 2442 non
1300 2418 1409 2452 possunt
1418 2420 1507 2454 vivere
1516 2420 1632 2454 semper:
1645 2420 1694 2453 pu-

965 2459 1013 2488 tas,
1027 2460 1131 2491 quantae
1143 2452 1284 2493 impietatis
1297 2458 1345 2485 est,
1358 2450 1412 2479 liare
1426 2459 1512 2493 ⁰.¹¹¹.¹¹¹³
1524 2449 1697 2487 spiritualiter

965 2492 1103 2521 animabus
1116 2490 1327 2532 periclitantibus
1340 2499 1391 2518 non
1407 2494 1564 2531 ministrare,
1575 2497 1633 2532 ‘3⁰32
1647 2497 1695 2526 po-

965 2538 1051 2560 terant
1071 2531 1161 2560 vivere
1180 2531 1206 2559 in
1226 2537 1363 2564 oeternuin,
1375 2528 1397 2556 si
1414 2527 1470 2555 liaec
1493 2536 1531 2555 eis
1552 2532 1698 2555 ministrata

966 2570 1096 2600 fuissent?
1110 2571 1216 2606 Quanto
1241 2568 1311 2597 enim
1338 2566 1431 2597 melior
1450 2572 1487 2595 est
1505 2565 1592 2594 anima
1619 2575 1699 2603 quam
