1904 2840
115 995 203 1018 Matth.
216 995 253 1023 24.

121 1237 127 1245 ¹
139 1235 256 1258 Clmnaan.

257 202 328 251 936

855 209 939 232 OPUS
964 208 1002 231 tm
1007 207 1204 232 PERFECTUM

257 277 307 306 lilii
329 275 531 319 propbetarum,
550 279 575 316 et
587 272 781 317 apostolorum,
795 278 822 306 et
834 278 995 316 martyrum,
1016 273 1035 296 Α
1050 269 1111 300 ideo
1124 267 1256 301 extollens
1268 270 1415 300 lamentum
1433 269 1542 310 lugebat
1555 264 1614 299 eam
1627 269 1730 306 dicens,
1743 271 1796 300 Je'-

257 321 489 356 persequutionem
508 313 666 352 patientium
690 316 804 352 semper,
819 318 913 351 etrqut
934 317 997 339 sunt
1018 318 1021 320 ’

258 356 308 385 filii
333 354 489 384 Judaeorum
515 359 594 391 atque
620 351 761 391 gentilium
782 350 997 391 persequentium

258 405 372 434 semper.
386 391 461 429 Quid
469 402 537 432 opus
547 398 587 421 est
598 391 688 421 verbis
701 390 737 420 ad
755 391 939 431 probationem
951 399 998 429 ge-

257 434 327 463 neris
344 432 436 468 vestri,
454 442 516 461 cum
530 442 571 461 res
591 431 649 471 ipsa
660 430 805 469 loquatur?
817 429 899 467 Quod
910 435 999 458 autem

257 474 340 503 dicit:
357 473 395 502 Ut
408 473 514 500 veniat
537 481 624 511 super
643 480 697 499 vos
712 470 805 500 omnis
824 470 943 509 sanguis
953 470 1000 508 ju-

258 521 318 542 stus
345 523 364 541 a
383 513 528 551 sanguine
550 511 645 546 Abel,
664 519 756 550 usque
777 510 817 538 ad
829 511 999 548 sanguinem

259 553 413 582 Zachariae
427 563 438 579 .-
454 561 505 580 non
518 550 554 579 ita
567 556 607 579 est
617 549 832 589 intelligendum,
843 555 872 578 ut
879 547 1001 577 omnium

259 592 458 632 generationum
467 589 675 631 praeoedentiiim
686 596 711 618 et
724 588 939 629 persequentium
947 598 1002 617 me-

260 633 310 661 rita
325 630 456 670 generatio
468 638 520 659 una
528 630 673 669 persolvat.
689 630 745 659 Nec
756 629 827 658 enim
837 629 941 668 justum
949 634 999 664 est,

260 679 290 701 ut
312 671 379 700 alter
392 681 442 716 pro
455 670 566 699 alterius
587 671 715 709 puniatur
737 669 863 708 peccatis,
878 666 926 696 sed
939 678 1002 697 cum

261 716 271 729 ¹
285 711 313 740 in
327 710 371 739 die
392 709 492 750 judicii
510 712 677 747 unaquaeque
690 708 824 748 generatio
843 707 936 748 punita
952 717 1002 747 pro

262 750 376 791 peccatis
386 750 441 778 suis
454 749 546 783 fuerit,
555 748 590 778 de
600 749 650 778 hac
660 757 714 778 una
727 754 752 777 et
764 748 822 788 ipsa
835 746 1003 786 generatione

263 790 399 819 videbitur
413 799 468 818 esse
478 788 640 829 judicatum.
656 788 787 818 Omnium
806 787 878 816 enim
893 786 1003 825 iniquo—

263 840 334 864 rum,
349 836 374 858 et
393 835 628 868 persequutorum,
646 835 672 857 et
685 827 882 857 homicidarum
898 837 912 855 a
936 825 1003 855 Ca‘i'n

263 881 347 908 usque
361 869 396 898 ad
410 869 491 897 finem
513 878 564 897 una
588 868 720 908 generatio
744 873 801 896 est:
815 866 866 895 etsi
878 876 932 895 non
952 866 1004 895 sint

264 919 354 938 omncs
366 909 393 937 in
407 915 526 948 tempore
534 919 596 944 uno,
604 917 696 936 omnes
706 914 795 936 tamen
807 906 858 935 filii
871 911 933 934 sunt
948 916 1006 945 per-

265 949 415 988 sequutoris
428 955 454 977 et
475 947 617 977 homicidae
636 947 712 976 illius
736 947 812 976 Ca‘i'n.
822 945 888 975 Ideo
901 952 926 974 et
939 945 1006 974 alibi

265 989 331 1018 dicit
347 1000 353 1016 :
371 988 470 1017 Amen
493 988 559 1016 dico
583 988 679 1023 vohis,
694 996 754 1015 non
775 986 911 1015 transibit
923 994 1007 1053 gene-

267 1031 341 1058 ratio
367 1029 440 1064 haec,
455 1027 549 1056 donec
569 1029 668 1056 omnia
681 1026 784 1068 fiant=
812 1025 841 1054 id
861 1032 912 1061 est,
943 1034 1007 1054 onec

267 1068 411 1108 impleatur
423 1077 500 1095 omne
513 1067 670 1107 mysterium
682 1065 830 1095 vocationis
842 1071 1006 1095 sanctorum.

267 1110 371 1148 Utputa
394 1108 461 1136 Cain
477 1107 532 1136 suit
553 1112 728 1147 persequutor
751 1104 828 1140 Abel,
841 1111 866 1133 et
885 1111 1008 1133 mortuus

268 1154 307 1177 est
323 1159 329 1176 ε
353 1146 415 1176 facti
440 1153 503 1175 sunt
518 1147 636 1186 gigantes
649 1151 835 1185 persequentes
846 1144 918 1173 filios
931 1143 1005 1174 Seth.

269 1188 337 1217 Ecce
353 1189 422 1216 Ca'i'n
431 1186 549 1221 transiit,
564 1185 611 1215 sed
627 1185 759 1225 generatio
774 1184 831 1223 ipsa
844 1183 926 1213 stetit.
941 1185 1008 1213 Per-

269 1228 358 1256 ierunt
365 1226 485 1266 gigantes
498 1226 525 1254 in
538 1225 656 1262 diluvio,
667 1223 714 1253 sed
723 1224 778 1253 nati
788 1230 850 1252 sunt
856 1233 891 1252 ex
901 1223 915 1237 *
923 1223 1009 1253 Cbam

268 1266 411 1296 Chananaei
425 1288 433 1302 ,
454 1272 479 1294 ct
501 1272 599 1294 caeterae
622 1270 711 1304 gentes
731 1270 917 1303 persequentes
939 1262 1011 1292 filios

269 1307 343 1336 Sem.
373 1305 502 1345 Gigantes
521 1304 685 1334 transierunt
698 1324 706 1338 ‚
731 1303 776 1333 sed
797 1303 933 1342 generatio
960 1303 1010 1332 ista

270 1345 351 1374 stetit.
367 1343 522 1375 Secundum
545 1343 662 1372 animam
678 1342 749 1372 enim
763 1343 906 1372 Chananaei
917 1343 952 1371 de
962 1353 1011 1382 ge-

270 1385 406 1414 neratione
429 1389 504 1412 erant
522 1393 616 1412 eorum
638 1383 810 1422 iniquorum,
834 1381 883 1420 qui
902 1381 1012 1411 fuerunt

271 1431 331 1453 ante
342 1423 489 1453 diluvium.
502 1422 638 1452 Interemti
650 1429 713 1452 sunt
734 1421 876 1451 Chananaei
890 1431 924 1450 ex
939 1427 1014 1461 parte

273 1475 286 1493 a
299 1463 363 1493 filiis
383 1462 478 1498 Israel,
492 1462 561 1491 sicut
584 1462 709 1501 legimus,
725 1468 750 1490 et
765 1471 800 1490 ex
820 1461 860 1490 eis
874 1461 936 1490 sacti
951 1467 1015 1490 sunt
1033 1461 1051 1485 C

272 1503 437 1542 alienigenae,
459 1501 507 1540 qui
527 1507 750 1541 persequerentur
769 1500 889 1530 Judaeos.
907 1501 977 1530 Ecce
990 1506 1016 1529 et

274 1543 315 1572 illi
329 1541 503 1577 transierunt,
516 1540 563 1570 sed
586 1541 719 1580 generatio
731 1549 823 1569 eorum
837 1539 918 1568 stetit.
938 1541 1015 1569 Post-

275 1582 385 1611 modum
404 1590 538 1610 conversae
551 1587 614 1610 sunt
637 1587 727 1619 gentes
740 1579 863 1618 quaedam
887 1579 922 1608 ad
936 1579 1016 1609 Chri-

276 1630 357 1658 stum,
372 1627 546 1650 surrexerunt
567 1620 663 1659 perfidi
681 1619 779 1649 *Judaei
802 1625 862 1659 post
878 1618 1017 1648 Christum

277 1662 404 1691 adversus
413 1660 590 1696 Christianos,
602 1660 609 1688 i
631 1670 657 1688 sa
669 1659 728 1688 vice
743 1659 868 1687 habentes
878 1658 964 1698 ipsam
972 1668 1017 1698 ge-

277 1701 441 1730 nerationem
451 1706 582 1737 quantum
591 1709 604 1727 a
632 1699 759 1734 animam,
771 1709 852 1736 quam
866 1698 1019 1727 habuerunt

278 1747 368 1779 gentes
388 1739 454 1775 illae,
469 1749 529 1777 quae
550 1738 627 1783 prius
650 1738 875 1778 persequebantur
898 1737 1017 1768 Jndaeos.

278 1779 382 1808 Deinde
396 1778 506 1817 gentiles
515 1777 624 1816 quidem
638 1777 809 1806 crediderunt
822 1777 1020 1813 omnes‚Judaei

279 1825 368 1847 autem
379 1817 541 1853 defecerunt,
551 1818 598 1855 qui
611 1817 837 1857 persequebantur
850 1816 998 1845 Ecclesiam
1011 1826 1017 1843 ε

280 1865 305 1887 et
319 1868 352 1886 ex
364 1858 419 1896 ipsa
433 1856 552 1886 Ecclesia
568 1862 742 1885 surrexerunt
753 1855 882 1892 haeretici,
899 1855 945 1894 qui
956 1866 1021 1894 per-
1035 1879 1038 1881 μ

281 1897 459 1935 sequebantur
480 1896 635 1931 Ecclesiam,
649 1895 696 1924 sed
709 1894 842 1934 generatio
862 1895 920 1934 ipsa
937 1896 1017 1924 stetit.

281 1937 351 1965 Ecce
359 1938 376 1966 J
379 1935 446 1964 udaei
457 1943 483 1964 et
494 1941 583 1974 gentes
591 1941 793 1974 persequutores
801 1934 1021 1970 transierunt,sed

282 1975 414 2012 generatio
429 1975 486 2014 ipsa
499 1981 560 2003 stat.
571 1975 640 2004 Nam
650 1973 684 2002 de
696 1974 862 2012 generatione
873 1974 1021 2012 impiorum

282 2014 439 2044 Judaeorum
453 2021 479 2043 et
491 2013 630 2051 gentilium
645 2019 707 2042 sunt
721 2013 837 2042 haeretici
848 2013 903 2042 isti.
919 2013 984 2043 Ideo
995 2020 1022 2042 et

283 2062 370 2082 mores
383 2060 409 2082 et
426 2053 567 2092 perfidiam
585 2059 733 2090 sequuntur
746 2063 848 2088 eorum,
863 2053 932 2082 sicut
945 2052 1020 2082 dixi-

283 2102 448 2132 mus-supra.
463 2091 635 2121 Postmodum
651 2099 738 2121 autem
751 2099 777 2121 et
798 2092 913 2121 haeretici
933 2099 1021 2121 trans-

283 2132 347 2160 ituri
361 2138 434 2167 sunt,
450 2138 479 2159 ut
490 2141 542 2160 non
559 2131 612 2160 sint
630 2131 777 2160 secundum
788 2131 862 2171 quod
873 2132 952 2161 modo
966 2141 1022 2161 esse

283 2169 419 2207 videntur,
433 2171 458 2199 et
478 2171 563 2199 futuri
581 2177 642 2199 sunt
662 2171 772 2208 gentiles
786 2179 811 2200 et
833 2172 927 2211 populi
942 2172 1022 2200 Anti-

284 2210 394 2246 christi,
404 2216 429 2239 et
448 2210 645 2239 transeuntibus
658 2210 726 2246 istis,
741 2211 872 2250 generatio
885 2212 1022 2251 justorum

285 2250 365 2279 stabit
377 2250 403 2278 in
419 2249 484 2278 illis.
497 2249 712 2288 Degeneratione
721 2250 790 2278 enim
800 2251 935 2290 justorum
948 2258 1023 2280 erant

284 2289 364 2318 etiam
386 2289 426 2318 illi
446 2288 493 2327 qui
507 2288 624 2324 fuerunt,
643 2289 807 2328 ‹stimpletur
826 2289 902 2328 quod
919 2290 1022 2320 dictum

284 2336 340 2358 cst:
355 2330 424 2358 Non
438 2328 572 2357 transibit
585 2330 731 2367 generatio
746 2330 811 2365 ista,
820 2330 911 2358 donec
925 2331 1024 2359 omnia

280 2369 369 2406 fiant.
386 2369 434 2397 57.
455 2368 631 2404 Jerusalem,
646 2368 822 2405 Jerusalem,
839 2380 903 2408 quae
917 2370 1024 2398 occidis

283 2409 449 2447 prophetas,
462 2412 490 2436 et
509 2407 623 2446 lapidas
636 2417 684 2436 eos
698 2409 749 2446 qui
758 2409 798 2436 ad
810 2414 837 2436 te
857 2410 1023 2438 mittuntur.

286 2447 384 2476 Omnia
395 2448 485 2476 futura
498 2453 558 2475 ante
568 2446 733 2486 prospiciens
744 2447 886 2483 Dominus,
902 2448 1026 2487 praevidit

286 2487 365 2515 ctiam
379 2487 486 2515 ruinam
499 2486 614 2516 civitatis
626 2486 786 2522 Jerusalem,
801 2493 826 2515 et
838 2487 956 2526 plagam,
966 2498 1024 2526 quae

286 2536 301 2554 a
314 2526 442 2556 Romanis
463 2533 575 2556 ventura
596 2532 653 2555 erat
672 2536 752 2565 super
774 2526 906 2566 populum
920 2527 998 2556 illum
1016 2540 1022 2556 ι

320 2626 330 2637 ³¹
348 2618 378 2643 V.
390 2618 420 2643 D.
435 2624 459 2643 et
472 2617 540 2643 Edit}
554 2618 578 2644 in
591 2626 669 2652 marg.
684 2619 710 2642 in
722 2618 763 2643 die
775 2619 902 2644 vindictoe.
919 2637 923 2640 «

1051 311 1189 347 ruralem,
1204 310 1379 340 Jerusalem.
1396 309 1598 340 Recordabatur
1610 309 1721 348 quidem
1735 317 1793 339 san-

1051 350 1161 388 guinem
1180 357 1333 379 sanctorum
1355 360 1483 385 suorum,
1501 349 1548 387 qui
1569 349 1670 379 effusus
1692 356 1748 378 erat
1759 350 1794 379 ab

1052 389 1119 425 illis,
1132 396 1158 419 et
1171 389 1218 428 qui
1227 389 1316 418 adhuc
1325 388 1495 428 postmodum
1507 389 1593 418 fuerat
1602 388 1793 419 effundendus.

1052 428 1106 458 Sed
1120 437 1172 458 non
1183 435 1271 457 tamen
1284 427 1392 458 dolebat
1405 427 1438 458 de
1450 427 1549 473 injuria
1563 435 1714 458 sanctorum
1731 438 1795 458 suo-

1055 479 1127 503 rum,
1138 468 1223 497 sciens
1235 468 1343 506 qualem
1351 468 1407 497 illis
1419 468 1533 507 gloriam
1544 474 1740 508 praeparaverat
1767 477 1796 497 ro

1056 515 1142 537 morte
1161 507 1302 547 temporali
1318 520 1325 536 :
1341 507 1388 537 sed
1405 507 1439 536 de
1450 507 1561 536 illorum
1582 506 1692 536 interitu
1705 507 1741 536 sse
1775 513 1797 543 t,

1056 547 1157 586 quibus
1170 555 1195 576 et
1210 548 1236 576 in
1250 547 1300 576 isto
1314 547 1411 576 saeculo
1433 547 1503 576 mala
1517 553 1630 576 ventura
1646 547 1762 582 fuerant,
1772 554 1800 576 et

1057 587 1085 616 in
1100 587 1149 616 illo
1163 588 1264 627 pejora.
1280 587 1357 617 Sicut
1371 587 1441 616 enim
1456 586 1658 623 benefacientes,
1678 596 1730 615 non
1741 586 1798 616 Deo

1076 633 1223 663 raestamus,
1238 626 1286 656 sed
1305 626 1383 656 nobis
1397 637 1404 654 z
1420 627 1493 656 Deus
1511 633 1600 655 autem
1619 625 1729 665 gaudet,
1745 636 1798 655 non

1057 637 1091 695 ge
1102 677 1151 696 suo
1163 666 1250 703 lucro,
1263 666 1309 695 sed
1320 666 1355 695 de
1367 673 1456 695 nostra
1467 666 1553 695 salute
1564 676 1571 692 :
1581 665 1621 694 sic
1632 675 1680 694 nos
1686 675 1798 705 peccan-

1058 713 1096 735 tes
1115 715 1168 735 non
1193 707 1251 735 Deo
1277 716 1412 741 nocemus,
1425 705 1473 735 sed
1495 705 1573 734 nobis
1592 706 1686 734 :Deus
1711 711 1800 734 autem
1835 711 1842 716 “

1058 746 1188 780 tristatur,
1200 755 1253 775 non
1270 745 1304 775 de
1315 756 1363 774 sua
1374 745 1485 786 injuria,
1499 744 1545 774 sed
1558 743 1593 773 dc
1603 751 1692 773 nostra
1706 743 1800 784 perdi-

1058 786 1141 817 tione.
1166 786 1242 815 Sicut
1262 796 1311 815 rex
1333 785 1465 825 benignus
1478 807 1486 822 ,
1514 784 1626 814 audiens
1647 784 1802 814 criminosas

1059 835 1203 865 personas,
1227 825 1285 865 lege
1305 824 1415 863 quidem
1435 824 1611 864 compellente
1632 823 1690 869 ipse
1710 823 1803 853 mortis

1060 864 1216 894 sententiam
1223 865 1306 894 dictat
1317 865 1446 894 adversus
1459 875 1513 899 eos,
1519 871 1607 893 tamen
1619 863 1802 893 misericordia

1061 904 1202 943 instigante
1211 905 1344 944 lacrymas
1362 903 1451 933 fundit
1464 915 1544 944 super
1558 903 1631 939 illos,
1646 909 1673 932 et
1685 903 1745 933 vult
1758 912 1804 932 eos

1061 943 1207 988 adjuvare,
1231 951 1258 973 et
1280 954 1334 973 non
1356 950 1452 989 potest,
1471 942 1669 973 contradicente
1690 942 1742 972 sibi
1759 943 1804 988 ju-
1851 969 1854 971 ,

1061 990 1133 1012 stitia
1145 995 1153 1011 .·
1161 983 1288 1022 quoniam
1299 983 1482 1013 misericordia
1488 990 1554 1013 tunc
1567 993 1629 1012 vera
1643 989 1683 1012 est
1695 982 1802 1011 misert-

1062 1022 1165 1059 cordia,
1171 1023 1193 1052 si
1205 1023 1243 1053 sic
1250 1024 1316 1052 facta
1323 1023 1413 1058 fuerit,
1419 1030 1449 1052 ut
1453 1023 1557 1063 justitia
1565 1033 1613 1062 per
1619 1033 1677 1051 eam
1686 1032 1738 1050 non
1745 1031 1804 1051 con-

1062 1069 1198 1092 temnatur
1210 1074 1216 1090 z
1242 1063 1266 1092 si
1279 1069 1367 1092 autem
1379 1069 1509 1092 contemta
1518 1062 1633 1102 justitia,
1648 1061 1803 1091 misericor-

1063 1102 1107 1131 dia
1123 1103 1296 1139 observetur,
1310 1102 1367 1142 ipsa
1381 1101 1565 1132 misericordia
1576 1111 1629 1130 non
1643 1108 1682 1140 est
1695 1101 1804 1139 miseri-
1813 1112 1876 1130 cxcv

1065 1141 1169 1179 cordia,
1180 1142 1228 1171 sed
1240 1143 1347 1172 fatuitas
1359 1155 1366 1171 ι
1380 1151 1442 1171 nam
1451 1141 1557 1182 justitia
1569 1150 1621 1170 non
1635 1147 1674 1170 est
1685 1150 1748 1170 vcra
1759 1141 1805 1181 ju-

1065 1182 1148 1219 stitia,
1162 1182 1213 1211 nisi
1226 1182 1351 1211 habuerit
1363 1181 1389 1211 in
1403 1192 1432 1211 se
1444 1189 1470 1211 et
1483 1177 1694 1211 misericordiain
1708 1192 1715 1208 τ
1730 1180 1769 1209 sic
1780 1186 1809 1209 et

1067 1221 1252 1252 misericordia
1273 1232 1324 1251 non
1346 1228 1386 1251 est
1405 1231 1468 1251 vera
1482 1220 1678 1256 misericordia,
1691 1219 1744 1249 nisi
1756 1219 1808 1248 ha-

1066 1262 1156 1291 buerit
1167 1262 1194 1290 in
1209 1272 1237 1290 se
1253 1262 1402 1306 justitiam3
1417 1262 1516 1302 injuste
1527 1260 1667 1301 agentibus
1679 1269 1710 1289 ac
1721 1259 1808 1289 male—

1067 1302 1212 1331 factoribus
1223 1301 1434 1331 misericordiam
1444 1301 1582 1336 exhibere,
1589 1310 1638 1329 nec
1647 1309 1692 1329 eos
1722 1298 1809 1336 unire,

1068 1341 1127 1381 ipsa
1139 1340 1323 1370 misericordia
1336 1351 1390 1370 non
1403 1348 1443 1370 est
1459 1340 1654 1376 misericordia,
1727 1338 1810 1368 fatui-

1068 1387 1109 1410 tas
1120 1392 1128 1409 z
1139 1381 1178 1409 sic
1187 1387 1213 1410 et
1223 1380 1354 1410 Dominus
1366 1381 1422 1420 ipse
1431 1381 1540 1419 quidem
1552 1380 1645 1409 mortis
1654 1378 1811 1408 sententiam

1069 1420 1188 1449 dictabat
1210 1430 1291 1459 super
1302 1420 1422 1457 Judaeos,
1437 1420 1548 1449 dicens:
1562 1420 1640 1449 Ecce
1659 1429 1711 1458 ego
1729 1419 1811 1447 mitto

1070 1460 1111 1488 ad
1124 1469 1179 1488 vos
1189 1460 1356 1499 prophetas,
1370 1466 1398 1488 et
1411 1470 1448 1489 ex
1461 1461 1530 1499 ipsis
1551 1459 1699 1494 occidetis,
1711 1464 1747 1486 m
1759 1467 1811 1486 ve-

1072 1500 1136 1527 niat
1147 1509 1233 1538 super
1243 1508 1297 1527 vos
1311 1501 1404 1528 omnis
1417 1501 1536 1539 sanguis
1545 1500 1653 1538 justus.
1666 1498 1737 1527 Ecce
1754 1496 1812 1536 ipse

1069 1548 1115 1567 eos
1127 1538 1274 1568 miserabili
1287 1538 1473 1573 lamentatione
1484 1538 1627 1578 plangebat
1637 1537 1729 1566 dicens
1741 1547 1747 1564 ι
1758 1537 1813 1566 Je-

1067 1579 1211 1614 rusalem,
1223 1578 1401 1607 Jerusalem.
1413 1579 1483 1608 Nam
1497 1579 1572 1607 Deus
1584 1575 1686 1606 invitus
1698 1575 1815 1615 compel-

1073 1617 1140 1647 litur
1151 1628 1214 1647 cum
1228 1627 1327 1657 magno
1338 1617 1431 1653 dolore
1440 1623 1590 1657 peccatores
1603 1616 1740 1645 damnare.
1753 1615 1814 1645 Non

1072 1658 1145 1686 enim
1169 1657 1207 1686 sic
1231 1657 1315 1694 dolet,
1331 1657 1394 1696 quia
1419 1657 1476 1697 ipse
1489 1657 1523 1685 ab
1536 1656 1575 1685 eis
1589 1656 1751 1692 offenditur,
1767 1654 1815 1684 sed

1074 1697 1138 1736 quia
1150 1697 1228 1736 quasi
1240 1697 1371 1727 violenter
1383 1698 1489 1736 cogitur
1503 1695 1614 1736 perdere
1625 1695 1754 1734 aliquem,
1767 1695 1815 1733 qui

1074 1746 1165 1766 omnes
1186 1737 1262 1777 cupit
1274 1736 1387 1767 salvare.
1400 1738 1470 1766 Nam
1482 1735 1709 1775 quemadmodum
1724 1735 1751 1764 in
1764 1743 1814 1763 no·

1074 1776 1117 1806 his
1139 1783 1231 1806 contra
1253 1783 1375 1805 naturam
1397 1783 1436 1806 est
1453 1777 1521 1805 bene
1543 1775 1640 1812 facere,
1654 1775 1692 1805 sic
1712 1781 1738 1804 et
1754 1775 1814 1804 Deo

1076 1823 1168 1845 contra
1179 1822 1301 1845 naturam
1320 1823 1361 1845 est
1373 1816 1551 1852 malefacere,
1566 1821 1613 1844 aut
1625 1814 1746 1855 perdere.
1762 1814 1817 1845 Sed

1076 1855 1147 1885 dicet
1159 1856 1276 1895 aliquis:
1290 1857 1360 1886 Cum
1374 1856 1402 1885 in
1417 1862 1544 1896 potestate
1559 1855 1656 1884 habeat
1667 1856 1740 1883 Deus
1752 1865 1816 1894 per—

1075 1896 1139 1924 dere
1158 1902 1184 1924 et
1194 1896 1308 1933 salvare,
1321 1897 1383 1934 quis
1394 1906 1455 1925 eum
1469 1895 1586 1925 invitum
1599 1893 1738 1934 compellit
1750 1905 1816 1924 con-

1076 1935 1216 1971 demnare,
1232 1935 1255 1964 si
1279 1945 1332 1964 non
1357 1935 1416 1965 vult
1427 1936 1441 1964 Ρ
1455 1936 1515 1970 Tu,
1530 1934 1578 1974 qui
1603 1942 1657 1963 non
1681 1931 1817 1964 desideras

1077 1974 1287 2004 misericordiam
1309 1976 1371 2004 Dei.
1395 1976 1465 2004 Nam
1486 1974 1556 2004 sicut
1581 1973 1630 2012 qui
1652 1973 1816 2003 desideranti

1078 2014 1289 2043 misericordiam
1305 2015 1356 2043 Dei
1376 2015 1490 2053 denegat
1513 2013 1631 2043 crudelis
1644 2019 1703 2042 est:
1720 2014 1759 2042 sic
1769 2014 1818 2052 qui

1078 2063 1130 2082 non
1154 2053 1317 2083 desideranti
1338 2054 1461 2083 miserico
1497 2054 1549 2082 iam
1570 2059 1687 2092 praestat,
1703 2053 1818 2091 injustus

1076 2100 1126 2122 est.
1142 2094 1197 2122 Sed
1209 2093 1278 2122 dicis
1295 2105 1301 2121 ε
1317 2093 1387 2130 Quis
1398 2100 1439 2122 cst
1452 2093 1547 2129 houm,
1559 2092 1607 2130 qui
1619 2100 1672 2120 non
1686 2091 1820 2121 desiderat

1078 2131 1290 2161 misericordiam
1308 2132 1378 2162 Dei?
1398 2133 1453 2167 Tu,
1468 2132 1515 2170 qui
1531 2141 1667 2171 permanes
1677 2131 1705 2159 in
1719 2135 1816 2171 pecca-

1078 2172 1119 2201 tis.
1135 2171 1292 2200 Desiderare
1306 2179 1396 2201 autem
1420 2170 1631 2211 misericordiam
1644 2171 1749 2206 Dei,est
1758 2177 1820 2200 con·-

1078 2211 1146 2241 verti
1164 2211 1199 2240 ad
1217 2222 1286 2240 eum.
1301 2212 1352 2241 Ille
1364 2212 1436 2241 enim
1456 2210 1589 2240 desiderat
1608 2210 1820 2240 misericordiam

1079 2252 1144 2288 Dei,
1151 2251 1197 2290 qui
1206 2251 1282 2280 timet
1293 2250 1360 2280 iram
1368 2252 1442 2291 ejus:
1451 2250 1498 2290 qui
1506 2258 1595 2280 autem
1603 2260 1655 2283 non
1664 2250 1739 2279 timet
1752 2250 1821 2279 iram

1078 2291 1149 2330 ejus,
1169 2300 1222 2319 non
1235 2289 1369 2320 desiderat
1387 2289 1597 2320 misericordiam
1609 2290 1678 2330 ejus,
1694 2289 1741 2319 sed
1754 2299 1819 2318 con-

1078 2331 1184 2360 temnit.
1199 2331 1375 2366 Jerusalem,
1387 2332 1566 2367 Jerusalem,
1578 2340 1638 2369 quae
1652 2340 1736 2368 usqne
1749 2338 1821 2358 nunc

1080 2370 1178 2399 luctata
1186 2381 1214 2399 es
1223 2377 1313 2399 contra
1321 2370 1532 2399 misericordiam
1539 2380 1625 2398 meam
1633 2369 1687 2398 tuis
1694 2369 1821 2409 peccatis,

1080 2419 1151 2438 nunc
1164 2417 1252 2438 autem
1261 2410 1346 2450 ipsam
1354 2410 1494 2450 superasti.
1504 2409 1577 2439 Volo
1588 2408 1659 2438 enim
1669 2408 1696 2437 in
1706 2415 1732 2437 te
1741 2407 1821 2437 mise-

1081 2449 1147 2486 reri,
1165 2449 1213 2478 sed
1225 2449 1296 2479 vires
1315 2449 1504 2479 misericordiae
1519 2447 1643 2477 faciendae
1658 2458 1711 2476 non
1726 2447 1821 2483 habeo,

1079 2499 1127 2518 nec
1138 2497 1251 2529 possunt
1269 2496 1296 2518 te
1309 2499 1350 2518 am
1372 2489 1425 2518 lius
1436 2488 1493 2528 jam
1510 2488 1631 2517 sufferre.
1647 2486 1822 2517 Incessabili-

1081 2528 1131 2558 bus
1141 2529 1212 2558 enim
1222 2529 1346 2568 iniquitat
1377 2539 1409 2558 us
1421 2528 1474 2557 tuis
1484 2526 1665 2557 misericordia
1675 2537 1733 2556 mea
1746 2525 1823 2565 quasi

1874 1265 1887 1272 ρ

1887 2431 1904 2443 4
