1890 2826
228 170 296 204 332

224 243 372 272 liberorum
386 242 596 282 procreationem
609 241 729 281 ineptum
740 247 807 278 erat,
826 241 873 271 sed
885 240 968 271 vulva
985 242 1003 265 C

222 299 329 328 quoque
341 288 400 328 ejus
410 296 436 318 et
450 295 550 318 naturae
563 287 669 317 officina
679 295 736 318 erat
745 294 876 323 emortua,
889 287 967 317 etiam

222 341 284 364 ante
303 342 475 371 senectutem,
496 344 592 374 nempe
611 334 647 363 ob
669 333 845 364 sterilitatem.
867 332 968 364 Vidcn'

222 388 320 419 quanta
332 380 541 421 impedimenta?
553 381 680 410 Senectus
691 379 755 415 viri,
769 386 888 409 senectus
901 388 969 408 uxo-

221 427 259 456 ris
276 439 282 455 :
297 426 422 456 sterilitas
439 427 525 466 major
541 426 622 462 obex,
641 435 722 464 quam
741 432 861 454 senectus
875 437 882 454 ε
907 434 969 454 nam

222 472 294 502 illud
311 479 350 501 est
369 472 518 501 maximum
537 470 571 500 ad
588 471 738 500 liberorum
757 470 968 511 procreationem

221 518 454 558 impedimentum.
471 519 665 548 Verumtamen
682 517 740 547 haec
755 517 846 546 omnia
859 523 968 557 praeter-

221 564 315 599 currit,
330 571 410 602 atque
423 563 509 593 oculis
521 562 586 593 fidei
601 563 629 592 iu
638 563 734 592 caelum
743 573 827 602 usque
837 563 966 599 surrexit,

220 621 347 650 magnum
360 610 462 639 habens
475 609 669 650 promissorum
687 616 886 649 argumentum,
908 609 967 649 ejus

220 666 315 696 nempe
322 656 368 695 qui
379 655 539 696 promiserat
546 661 712 696 potestatem.
725 654 789 684 Ideo
800 657 838 684 In
845 656 966 694 promis-

219 705 301 732 sione
315 704 372 732 Dei
389 713 448 732 non
465 703 612 732 hoesitavit
629 701 808 742 diffidentia,
828 701 881 731 sed
900 711 967 730 con-

213 750 347 789 fortatus
368 755 411 779 est
428 749 501 789 fide.
520 748 629 778 Etenim
650 758 700 777 ceu
718 747 833 777 baculus
855 747 966 786 quidam

219 796 314 825 firmus
326 803 450 835 totusque
462 801 557 836 portus
570 794 637 824 fides
649 801 700 832 est,
712 804 772 833 quae
786 805 801 823 a
815 794 968 824 ratiocinio·
983 790 1002 813 D

218 853 281 871 rum
294 852 385 871 errore
406 842 512 878 liberat,
533 841 708 880 animumque
725 840 754 870 in
774 841 968 880 tranquillitate

219 899 314 927 magna
328 888 477 918 constituit.
492 888 590 918 Vestri
601 894 698 918 autem
711 889 788 917 beati
798 888 887 924 oculi,
897 890 969 927 quia

219 936 337 972 vident,·
354 946 416 965 nam
429 935 481 965 hoc
494 934 599 964 dictum
617 934 708 964 denuo
726 934 901 974 repetendum
916 941 964 964 est.

70 664 139 686 Rom.
146 662 211 694 4³⁴⁰·

69 896 154 918 ΜηιιΙι.
174 896 209 918 ι3,

71 927 106 949 16.

218 981 300 1020 Atqui
324 981 404 1011 etiam
425 982 443 1012 J
445 980 515 1010 utlaei
538 987 603 1010 tunc
628 980 721 1010 eadem
744 980 803 1020 ipsa
826 979 966 1010 videbant.

217 1028 323 1057 Verum
337 1038 389 1056 non
401 1028 454 1057 hoc
466 1034 608 1057 externum
621 1026 734 1057 videndi
757 1037 842 1066 genus
857 1027 967 1056 beatum

217 1073 344 1111 praedicat
357 1086 364 1102 ι
384 1074 434 1103 hoc
448 1073 548 1113 quippe
563 1084 611 1113 per
624 1073 743 1113 seipsum
765 1072 895 1102 miracula
912 1083 965 1102 non

216 1119 302 1156 videt,
315 1119 362 1149 sed
371 1120 506 1149 internum
517 1119 656 1159 conspicit.
669 1119 716 1148 Illi
726 1129 825 1149 caecum
837 1118 966 1149 videbant

68 1169 138 1190 Joan.
150 1176 174 1198 9·
184 1169 207 1192 8.
216 1163 404 1204 dicebantque,
419 1166 478 1195 Hic
486 1173 540 1201 est,
554 1176 613 1195 non
626 1171 669 1194 est
681 1166 742 1202 hic‚·
754 1176 892 1195 vocemus
903 1168 965 1206 ejus

67 1206 90 1229 9'
107 1198 141 1222 ιδ’
214 1218 361 1250 parentes.
380 1212 466 1240 Audis
478 1212 659 1250 ambigentes?
674 1211 764 1241 viden'
779 1221 832 1241 non
843 1212 966 1243 sufficere

217 1257 338 1296 corporis
351 1264 488 1297 aspectum
500 1257 535 1286 ad
548 1257 673 1286 miraculi
691 1257 895 1296 spectaculum?
909 1258 964 1295 Qui

100 1308 208 1330 Absenti:
218 1310 359 1341 praesentes
374 1309 400 1332 et
420 1309 567 1342 spectantes
583 1309 658 1331 erant
669 1302 795 1331 dicebant
808 1314 815 1330 :
831 1304 890 1332 Hic
909 1310 963 1341 est,

69 1345 211 1392 2ss³g¹den¹¹¹iff⁰²²
220 1358 280 1377 non
290 1356 332 1378 est
345 1350 407 1385 hie;
422 1359 470 1378 nos
484 1359 548 1379 vero
564 1349 612 1388 qui
633 1356 774 1388 praesentes
791 1359 845 1378 non
859 1360 963 1387 sumus,

68 1402 120 1427 nus,
155 1404 272 1430 pra-non
286 1394 412 1431 dicimus,
428 1397 487 1425 Hic
498 1401 552 1430 est,
566 1405 625 1424 non
638 1401 682 1424 est
694 1396 755 1431 hic;
765 1394 823 1430 sed,
834 1397 900 1435 Ipse
910 1402 963 1426 est.
981 1395 999 1418 E

68 1433 159 1491 2⁶:222„
168 1440 211 1486 '3¹2¹'
218 1440 345 1470 Didicisti
359 1441 428 1470 nihil
440 1441 586 1470 absentiam
599 1451 704 1477 nocere,
718 1451 781 1470 cum
793 1440 858 1470 fidei
867 1441 966 1471 adsunt

68 1494 173 1516 credulis.
218 1486 305 1522 oculi;
331 1486 455 1525 nihilque
482 1486 606 1516 utilitatis
628 1497 664 1516 ex
686 1486 827 1526 praesemia
851 1487 965 1527 percipi,

217 1542 280 1560 cum
291 1531 355 1561 fidei
370 1532 443 1561 oculi
457 1542 509 1561 non
522 1532 642 1561 adsunt?
656 1532 732 1569 Quid
744 1531 816 1561 enim
830 1531 886 1561 illis
899 1543 965 1572 pro-

216 1577 269 1606 fuit
282 1577 393 1607 videre?
405 1577 495 1607 Nihil.
519 1579 575 1608 Nos
595 1578 666 1607 enirn
692 1577 792 1607 clarius
818 1588 900 1616 quam
923 1578 965 1607 illi

216 1623 352 1653 videmus.
370 1624 507 1661 Quoniam
527 1624 610 1663 igitur
628 1624 701 1654 oculi
722 1624 805 1654 vestri
822 1623 917 1654 vident
933 1635 965 1655 eo

218 1669 338 1706 videndi,
353 1677 379 1699 et
391 1680 469 1699 aures
482 1676 577 1699 vestrae
596 1669 712 1698 audiunt
725 1679 756 1698 eo
772 1669 899 1699 audiendi
919 1680 965 1710 ge-

216 1726 288 1753 nere,
302 1716 375 1755 quod
392 1716 516 1746 Christus
535 1716 645 1746 beatum
666 1715 833 1756 praedicavit,
849 1715 964 1755 agedum

216 1762 294 1791 vobis
307 1762 455 1802 Scriptura}
468 1772 585 1801 gemmas
595 1772 772 1801 apponamus.
785 1761 965 1798 Quemadmo-

216 1807 282 1836 dum
296 1808 368 1838 enim
380 1809 397 1838 J
400 1808 483 1837 udaeis
494 1808 652 1847 quaestiones
665 1818 718 1836 non
731 1807 814 1837 solvit
827 1808 962 1846 Christus,
971 1826 1006 1844 ,Μ

216 1853 271 1882 imo
284 1854 361 1883 auxit
371 1853 571 1891 obscuritatem,
582 1853 644 1892 quia
656 1863 710 1882 non
720 1852 892 1883 attendebant
903 1865 911 1883 ι
923 1853 963 1884 sic
980 1854 999 1876 Λ

217 1906 243 1928 et
255 1899 344 1936 vobis,
359 1900 423 1938 quia
438 1906 537 1928 attento
551 1901 614 1928 estis
633 1899 734 1935 animo,
747 1899 851 1929 occulta
867 1900 895 1929 in
909 1911 965 1931 me-

217 1944 294 1973 dium
305 1944 438 1974 adducere
452 1955 500 1984 par
513 1951 565 1974 est.
580 1945 688 1974 Etenim
701 1952 867 1974 accesserunt
879 1945 963 1976 disci-

217 1990 288 2030 puli,
303 1997 328 2019 et
347 1991 514 2019 mirabantur
531 1989 649 2019 dicentes
663 2002 670 2018 ε
684 1990 744 2019 Cur
762 1992 794 2018 in
813 1992 964 2030 parabolis

218 2037 287 2075 ipsis
302 2036 449 2075 loqueris?
461 2035 512 2065 Ille
523 2046 588 2066 vero
602 2035 751 2075 respondit,
767 2037 844 2074 Quia
855 2037 962 2066 viden-

218 2088 259 2111 tes
273 2092 333 2111 non
347 2082 462 2111 vident.
475 2082 547 2118 Quia
560 2081 644 2121 igitur
656 2092 705 2111 vos
722 2092 775 2111 non
787 2082 908 2113 videntes
919 2084 963 2113 vi—

216 2127 297 2165 detis,
312 2138 361 2167 par
383 2134 423 2156 est
434 2127 511 2157 vobis
525 2127 583 2156 sine
602 2127 729 2166 parabola
753 2128 844 2167 loqui;
860 2136 885 2158 et
899 2130 962 2168 quia

87 2180 95 2188 ·
107 2180 150 2201 ffic
161 2184 208 2201 tex·
218 2174 383 2204 Audientes
406 2183 467 2201 non
491 2173 627 2202 audiunt.
637 2174 651 2189 *
663 2172 735 2209 Quia
759 2173 842 2212 igitur
854 2185 903 2204 vos
914 2175 961 2214 qui

64 2211 208 2263 ἓξὲεῗῑξῗεη
218 2227 281 2250 tunc
303 2229 357 2248 non
382 2218 542 2254 audivistis,
567 2229 639 2247 nunc
660 2228 713 2247 non
733 2219 822 2248 minus
842 2220 942 2250 auditis
951 2244 959 2258 ,

216 2276 296 2304 quam
308 2272 371 2294 tunc
383 2263 563 2300 audivissetis,
575 2271 781 2293 consentaneum
793 2272 832 2294 est
843 2276 892 2295 vos
907 2277 959 2296 non

214 2312 264 2341 hac
277 2312 385 2351 privare
398 2319 499 2339 mensa.
515 2309 620 2339 Etenim
640 2309 766 2339 Christus
779 2310 829 2339 hos
842 2320 896 2340 non
907 2312 959 2341 mi-

214 2368 264 2386 nus
277 2358 367 2387 beatos
388 2355 555 2397 praedicavit,
576 2366 656 2394 quam
670 2355 733 2384 illos
744 2368 751 2383 ε
762 2356 867 2385 Vidisti
881 2368 956 2386 nam-
978 2358 994 2379 ὓ

213 2414 275 2442 que,
291 2404 339 2439 ait,
355 2409 382 2432 el
396 2402 545 2432 credidisti
550 2415 562 2437 ;
574 2402 652 2430 beati
667 2403 717 2440 qui
732 2412 791 2430 non
804 2403 955 2438 viderunt,

212 2455 241 2476 et
250 2448 443 2477 crediderunt.
455 2448 496 2476 Ne
507 2446 590 2486 igitur
601 2445 663 2474 ideo
677 2456 769 2484 segnes
782 2445 817 2475 ad
827 2446 955 2476 virtutem

212 2498 304 2528 estote,
320 2490 392 2530 quod
406 2490 462 2520 illis
476 2489 642 2530 temporibus
655 2499 708 2518 non
720 2489 834 2526 fueritis,
845 2489 892 2519 sed
905 2490 955 2520 hoc

67 1996 155 2018 Mnuh.
171 1996 207 2019 13.

71 2034 106 2049 ιο.
117 2032 140 2048 et
156 2028 191 2050 13.

63 2367 135 2389 Joan.
152 2374 188 2389 ιο.

63 2403 102 2426 29·

245 2591 255 2602 ·¹
274 2586 396 2614 naemu,
411 2584 446 2608 sic
459 2582 504 2607 Ms.
518 2582 567 2608 Sed
577 2580 696 2607 mendum
709 2581 829 2613 suspicor.

552 179 581 202 S.
608 178 744 203 JOANMS
769 177 951 203 CHRYSOST.
982 178 1134 204 ARCfflEP.
1162 180 1425 205 CONSTANTmoP.

1022 241 1122 278 κίας,ἡ
1150 242 1177 272 δὲ
1202 243 1254 273 ἀπὸ
1278 245 1327 278 τῆς
1351 243 1486 276 ἀσθενείας
1499 243 1608 284 φύσεως.
1623 244 1664 273 Οὐ
1687 243 1739 284 γὰρ
1762 242 1793 273 τὸ

1023 288 1102 326 σῶμα
1114 287 1193 327 μόνον
1203 288 1247 318 διὰ
1257 288 1306 325 τὴν
1316 289 1422 324 ἡλικίαν
1435 289 1569 329 ἄχρηστον
1581 284 1615 325 ἦν
1624 288 1691 329 πρὸς
1701 290 1796 319 παιδο·

1023 333 1122 371 γονίαν,
1136 334 1205 363 ἀλλὰ
1223 334 1268 364 καὶ
1293 334 1359 370 αὐτὴ
1378 337 1396 371 ἢ
1412 334 1500 376 μήτρα
1521 334 1678 375 νενέκρωτο,
1693 334 1739 364 καὶ
1763 335 1795 364 τὸ

1022 380 1070 414 τῆς
1083 379 1183 419 φύσεως
1196 380 1367 421 ἐργαστήριον
1378 403 1385 417 ,
1401 381 1446 410 καὶ
1469 381 1521 421 πρὸ
1543 383 1590 410 τοῦ
1603 380 1691 420 γήρως
1705 380 1794 421 ἄχρη-

1023 434 1084 452 στον
1098 419 1131 459 ἦν
1146 422 1188 453 διὰ
1208 423 1257 459 τὴν
1270 424 1417 464 στείρωσιν.
1429 419 1506 458 Εἶδες
1519 423 1569 454 ὅσα
1579 423 1739 463 κωλύματα;
1753 424 1794 454 Τὸ

1023 471 1106 509 γῆρας
1123 471 1169 498 τοῦ
1193 469 1300 510 ἀνδρὸς,
1313 470 1345 499 τὸ
1370 471 1454 510 γῆρας
1475 472 1523 506 τῆς
1547 469 1678 509 γυναικός·
1701 472 1718 505 ἡ
1746 472 1792 499 τοῦ
1846 476 1851 478 ’

1022 515 1110 555 γήρως
1131 515 1316 556 ἀχρηστοτέρα
1337 515 1491 556 στείρωσις·
1505 516 1550 545 καὶ
1574 515 1626 555 γὰρ
1647 515 1693 545 καὶ
1715 518 1794 545 τοῦτο

1023 560 1139 598 μάλιστα
1159 559 1272 600 κώλυμα
1301 561 1478 601 παιδογονίας.
1501 560 1572 591 Ἀλλ’
1604 561 1676 600 ὅμως
1709 563 1794 590 ταῦτα

1021 606 1109 635 πάντα
1121 606 1288 647 παρέδραμεν
1297 627 1305 642 ,
1318 606 1364 636 καὶ
1387 610 1441 640 τοῖς
1457 608 1507 642 τῆς
1519 606 1633 640 πίστεως
1650 607 1795 647 ὀφθαλμοῖς

1020 654 1057 685 εἷς
1065 652 1124 686 τοὺς
1136 652 1259 692 οὐρανοὺς
1270 652 1377 690 ἀνέστη,
1386 652 1512 693 μεγίστην
1523 655 1578 682 τῶν
1589 653 1793 693 ἐπηγγελμένων

1020 696 1152 730 ἀπόδειξιν
1166 697 1235 737 ἔχων
1250 697 1299 733 τὴν
1326 696 1436 736 δύναμιν
1460 699 1506 726 τοῦ
1532 697 1724 737 ὑπεσχομένου.
1739 697 1793 726 Διὰ

1020 745 1097 772 τοῦτο
1111 743 1159 776 Εἰς
1172 743 1221 779 τὴν
1247 742 1407 783 ἐπαγγελίαν
1421 745 1468 772 τοῦ
1486 744 1558 773 Θεοῦ
1576 744 1605 772 οὖ
1621 742 1736 783 διεκρίθη
1757 745 1791 782 τῇ

1021 788 1146 828 ἀπιστίᾳ,
1162 790 1220 818 ἀλλ’
1236 788 1417 829 ἐνεδυναμώθη
1431 791 1464 828 τῇ
1481 788 1578 830 πίστει,
1592 788 1730 829 Βακτηρία
1740 789 1792 829 γάρ

1020 833 1059 867 τίς
1078 835 1150 864 ἐστιν
1168 834 1265 875 ἰσχυρὰ
1275 837 1292 871 ἡ
1306 834 1396 869 πίστις
1407 858 1415 872 ,
1430 834 1476 864 καὶ
1498 834 1580 874 λιμὴν
1593 834 1729 875 ἀσφαλὴς,
1744 837 1793 871 τῆς

1020 882 1073 910 τῶν
1086 882 1220 920 λογισμῶν
1236 881 1442 911 ἀπαλλάττουσα
1464 881 1579 917 πλάνης,
1602 881 1648 911 καὶ
1673 882 1700 910 ἐν
1723 883 1790 917 ἡσυ-

1019 926 1067 967 χίᾳ
1078 928 1164 966 πολλῇ
1178 927 1226 964 ἰ-ὴν
1245 927 1333 967 ψυχὴν
1348 927 1529 957 ἀναπαύουσα.
1551 927 1645 967 Ύμῶν
1659 927 1687 957 δὲ
1702 927 1791 967 μακά·

1022 984 1071 1011 ριοι
1093 974 1117 1002 οἱ
1143 973 1288 1013 ὀφθαλμοὶ,
1303 974 1345 1003 ὅτι
1366 973 1506 1013 βλέπουσι·
1523 973 1568 1003 καὶ
1591 972 1643 1013 γὰρ
1668 975 1705 1007 εἰς
1727 973 1791 1003 αὐτὸ

1004 1050 1008 1052 μ
1020 1019 1099 1049 πάλιν
1115 1021 1264 1050 ἐπανελθεῖν
1278 1021 1420 1060 ἀναγκαῖον
1433 1019 1464 1049 τὸ
1475 1021 1558 1060 ῥῆμα.
1571 1019 1667 1050 Καίτοι
1679 1019 1790 1050 ἕὸλεπον

1023 1066 1068 1096 καὶ
1083 1068 1107 1096 οἱ
1121 1066 1246 1097 Ἰουδαῖοι
1268 1066 1303 1096 τὰ
1324 1066 1386 1096 τότε
1408 1065 1544 1106 γινόμενα.
1557 1066 1626 1096 Ἀλλ’
1640 1067 1670 1095 οὗ
1691 1065 1790 1102 ταύτην

1020 1113 1159 1153 μακαρίζει
1171 1112 1221 1149 τὴν
1234 1113 1293 1153 ὄψιν
1314 1112 1362 1148 τὴν
1387 1111 1479 1147 ἔξωθεν
1490 1123 1496 1130 ·
1511 1111 1578 1148 αὕτη
1590 1110 1643 1152 γὰρ
1656 1113 1715 1141 καθ’
1729 1113 1792 1141 ἑαυ-

1019 1157 1068 1194 τὴν
1083 1160 1132 1199 οὐχ
1145 1161 1194 1199 ὁρᾷ
1215 1158 1250 1188 τὰ
1272 1158 1412 1197 θαύματα,
1427 1159 1485 1187 ἀλλ’
1499 1160 1516 1194 ἡ
1530 1158 1611 1188 ἔνδον.
1625 1158 1740 1188 Ἐκεῖνοι
1753 1152 1791 1187 εἷ-

1019 1204 1062 1232 δον
1074 1204 1171 1245 τυφλὸν
1182 1204 1227 1234 καὶ
1239 1205 1329 1244 ἔλεγον
1337 1216 1344 1223 ·
1357 1200 1443 1237 Οὗτός
1456 1205 1538 1241 ἐστιν,
1550 1205 1598 1234 οὐκ
1614 1204 1685 1234 ἔστιν
1700 1200 1774 1238 οὗτος
1782 1215 1790 1223 ·

1018 1250 1172 1289 καλέσωμεν
1185 1252 1264 1280 αὐτοῦ
1286 1250 1345 1284 τοὺς
1368 1254 1462 1290 γονεῖς.
1478 1250 1592 1284 Ἀκούεις
1607 1250 1790 1291 ἀμφιὸαλλόν-

1017 1307 1086 1331 των;
1098 1298 1160 1336 ὁρᾷς
1179 1296 1220 1325 ὅτι
1241 1298 1289 1326 οὐκ
1312 1298 1389 1336 ἀρκεῖ
1402 1299 1419 1332 ἡ
1435 1299 1481 1326 τοῦ
1507 1297 1630 1336 σώματος
1642 1297 1702 1338 ὄψις
1724 1297 1790 1338 πρὸς

1018 1340 1066 1376 τὴν
1079 1344 1125 1370 τοῦ
1137 1341 1269 1380 Θαύματος
1283 1342 1409 1382 Θεωρίαν;
1424 1344 1460 1373 Οἱ
1481 1342 1609 1382 παρόντες
1628 1342 1674 1372 καὶ
1687 1343 1791 1383 θεώμε-

1018 1397 1057 1415 νοι
1071 1386 1175 1426 ἔλεγον·
1190 1383 1276 1421 Οὗτός
1297 1389 1382 1424 ἐστιν,
1396 1388 1444 1418 οὐκ
1466 1387 1537 1417 ἔστιν
1558 1384 1645 1422 οἶτος·
1659 1391 1738 1428 ἡμεῖς
1761 1390 1790 1419 δὲ

1019 1434 1043 1461 οἱ
1057 1432 1094 1471 μὴ
1114 1433 1242 1472 παρόντες
1264 1435 1293 1463 οὖ
1314 1433 1438 1473 λέγομεν,
1452 1429 1644 1470 Οἶτός·ἐστιν,
1656 1437 1704 1465 οὐκ
1718 1436 1790 1466 ἔστιν

1019 1473 1105 1511 οὗτος·
1118 1479 1177 1508 ἀλλ’
1199 1478 1283 1513 Αὐτός
1297 1480 1378 1509 ἐστιν.
1391 1479 1510 1518 Ἐμαθες
1531 1482 1568 1513 ὡς
1588 1479 1662 1510 οὐδὲν
1677 1480 1790 1520 βλάπτει

1018 1526 1035 1560 ἡ
1056 1524 1186 1559 ἀπουσία,
1200 1524 1261 1554 ὅταν
1274 1524 1389 1558 πίστεως
1407 1525 1537 1566 ὀφθαλμοὶ
1550 1520 1616 1562 ὦσι,
1630 1526 1676 1555 καὶ
1693 1528 1729 1560 ὥς
1742 1528 1790 1556 οὖ-

1019 1569 1060 1599 δὲν
1083 1571 1179 1610 ὠφελεῖ
1192 1573 1209 1606 ἡ
1223 1571 1365 1610 παρουσία,
1383 1572 1447 1601 ὅταν
1467 1570 1582 1604 πίστεως
1598 1572 1729 1612 ὀφθαλμοὶ
1751 1573 1790 1612 μὴ

1018 1609 1068 1645 ὦσι
1076 1628 1083 1652 ;
1099 1615 1135 1645 Τί
1147 1616 1199 1656 γὰρ
1220 1616 1333 1650 ἐκείνους
1345 1616 1432 1654 ὤνησε
1444 1616 1475 1646 τὸ
1489 1618 1566 1653 testu
1587 1617 1682 1648 Οὐδέν.
1696 1618 1792 1657 Ἡμεῖς

1018 1661 1069 1701 γὰρ
1081 1661 1186 1691 ἐκείνων
1200 1662 1358 1702 σαφέστερον
1370 1662 1484 1701 εἴδομεν.
1497 1661 1576 1692 Ἐπεὶ
1591 1659 1636 1693 οὖν
1649 1663 1791 1703 βλέπουσιν

1018 1708 1042 1736 οἱ
1056 1707 1186 1747 ὀφθαλμοὶ
1199 1709 1273 1746 ὑμῶν
1287 1707 1407 1748 θεωρίαν,
1416 1707 1462 1738 καὶ
1476 1707 1567 1738 ἀκούει
1579 1708 1613 1738 τὰ
1623 1703 1680 1738 ὦτα
1693 1710 1791 1750 ἀκρόα-

1019 1764 1070 1788 σιν,
1084 1753 1116 1788 ἣν
1132 1755 1146 1782 ὁ
1164 1753 1278 1793 Χριστὸς
1290 1753 1451 1794 ἐμακάρισε,
1467 1754 1528 1795 φέρε
1542 1756 1604 1794 ὑμῖν
1617 1753 1677 1788 τοὺς
1690 1766 1791 1795 μαργα-

1021 1799 1092 1837 ρίτας
1104 1800 1158 1828 τῶν
1171 1800 1285 1840 Γραφῶν
1295 1801 1466 1840 παραθῶμεν.
1475 1800 1582 1840 ’Ὠσπερ
1594 1799 1646 1840 γὰρ
1657 1805 1712 1835 τοῖς
1724 1802 1791 1831 Ἰου-

1019 1845 1101 1879 δαίοις
1114 1847 1162 1875 οὐκ
1175 1845 1287 1875 ἐπέλυσε
1310 1845 1345 1875 τὰ
1367 1845 1508 1885 ζητήματα
1529 1848 1543 1875 ὁ
1566 1846 1697 1886 Χριστὸς,
1721 1847 1790 1877 ἀλλὰ

1018 1890 1064 1919 καὶ
1089 1890 1205 1920 ἐπέτεινε
1227 1891 1276 1927 τὴν
1301 1890 1440 1931 ἀσάφειαν,
1453 1891 1546 1928 ἐπειδὴ
1569 1891 1607 1930 μὴ
1631 1896 1773 1932 προσεῖχον
1783 1904 1790 1911 ·

1018 1936 1086 1966 οὕτω
1100 1936 1132 1972 δὴ
1147 1936 1193 1966 καὶ
1203 1939 1265 1975 ὑμῖν
1273 1960 1281 1974 ,
1294 1937 1385 1972 ἐπειδὴ
1399 1936 1558 1977 προσέχετε,
1570 1937 1605 1966 τὰ
1620 1939 1790 1978 κεκρυμμένα

1017 1982 1090 2022 ἄγειν
1105 1983 1142 2015 εἷς
1162 1981 1242 2021 μέσον
1255 1982 1317 2022 χρή.
1332 1981 1386 2012 Καὶ
1398 1982 1450 2022 γὰρ
1463 1983 1612 2022 προσῆλθον
1635 1984 1659 2012 οἱ
1673 1983 1790 2022 μαθηταὶ

1017 2028 1062 2057 καὶ
1077 2027 1222 2067 ἐθαύμαζον
1235 2028 1367 2068 λέγοντες·
1383 2027 1462 2058 Διατί
1480 2029 1508 2057 ἐν
1523 2028 1689 2068 παραδολαῖς
1700 2030 1790 2063 λαλεῖς

1017 2075 1105 2107 αὐτοῖς
1110 2085 1119 2110 ;
1132 2073 1171 2106 Ὁ,
1180 2073 1208 2103 δὲ
1223 2073 1287 2114 ἔφη,
1301 2073 1413 2110 Ἐπειδὴ
1429 2073 1568 2113 βλέποντες
1589 2075 1618 2104 οὗ
1638 2075 1789 2114 βλέπωσιν,

1017 2120 1120 2149 Οὐκοῦν
1143 2119 1235 2155 ἐπειδὴ
1257 2118 1294 2158 μὴ
1316 2119 1415 2153 ἰδόντες
1438 2121 1513 2158 ὑμεῖς
1536 2119 1633 2157 εἴδετε,
1646 2121 1789 2160 ἀναγκαῖον

1017 2165 1054 2204 μὴ
1067 2166 1094 2194 ἐν
1108 2165 1248 2205 παραδολῇ
1263 2167 1346 2194 εἰπεῖν
1360 2165 1425 2205 πρὸς
1438 2167 1516 2205 ὑμᾶς·
1530 2166 1575 2195 καὶ
1589 2165 1680 2203 ἐπειδὴ
1701 2166 1790 2196 Ἀκού-

1015 2223 1087 2244 οντες
1110 2213 1158 2241 οὖκ
1182 2211 1331 2241 ἀκούουσιν.
1343 2212 1388 2228 ***
1409 2206 1514 2241 Οὐκοῦν
1538 2212 1630 2249 ἐπειδὴ
1650 2214 1726 2252 ὑμεῖς
1749 2213 1787 2252 μὴ

1017 2257 1174 2290 ἀκούσαντες
1187 2256 1246 2286 τότε
1255 2280 1263 2292 ,
1285 2256 1394 2286 ἀκούετε
1419 2259 1463 2286 νῦν
1491 2260 1539 2287 οὐκ
1561 2257 1685 2295 ἔλαττον,
1696 2258 1714 2295 ἢ
1728 2259 1788 2288 τότε

1015 2303 1164 2339 ΙΙἠκούσατε
1173 2325 1181 2340 ,
1207 2304 1349 2343 ἀναγκαῖον
1375 2305 1445 2343 ὑμᾶς
1473 2304 1510 2343 μὴ
1536 2302 1717 2344 ἀποστερῆσαι
1740 2307 1788 2341 τῆς

1015 2348 1145 2388 τραπέζης
1168 2348 1274 2384 ταύτης.
1287 2349 1342 2378 Καὶ
1367 2349 1418 2389 γὰρ
1438 2351 1452 2379 ὁ
1477 2350 1591 2390 Χριστὸς
1609 2349 1717 2383 τούτους
1738 2352 1789 2391 οὐχ

1014 2393 1092 2432 ἧττον
1107 2397 1266 2437 ἐμακάρισεν
1290 2397 1307 2432 ἢ
1329 2398 1458 2432 ἐκείνους·
1472 2394 1550 2432 Εἶδες
1570 2398 1631 2438 γὰρ,
1646 2398 1728 2438 φησὶ,
1742 2399 1788 2429 καὶ

1013 2442 1168 2476 ἐπίστευσας
1177 2455 1184 2461 ·
1198 2443 1324 2483 μακάριοι
1338 2445 1362 2473 οἱ
1376 2443 1414 2483 μὴ
1434 2444 1544 2480 ἰδόντες,
1558 2444 1604 2474 καὶ
1626 2444 1785 2474 πιστεύσαν-

1012 2504 1063 2525 τες.
1079 2492 1124 2529 Μὴ
1148 2492 1233 2522 τοίνυν
1251 2493 1357 2533 ὀκνηροὶ
1371 2494 1472 2533 γίνεσθε
1491 2494 1556 2534 πρὸς
1569 2493 1677 2534 ἀρετὴν,
1693 2495 1734 2525 ὅτι
1749 2495 1786 2535 μὴ
