1890 2826
90 1964 138 1985 Jer.
148 1959 228 1983 3630,

88 2000 126 2018 22-
146 1998 181 2023 19.

233 174 306 219 [με

231 246 326 276 Oziam
339 244 460 285 regnavit
472 244 499 273 in
513 245 530 274 J
533 243 613 273 udam
626 243 735 274 Jotham
745 243 818 273 filius
827 244 897 283 ejus.
911 244 973 280 Quo

231 300 337 322 mortuo
348 291 469 332 regnavit
478 291 569 319 Achaz
579 289 653 319 filius
661 290 778 320 Jotham.
786 290 839 319 Illo
849 295 975 329 regnante

233 338 333 368 Raasin
351 338 436 378 Syrus
457 343 482 366 et
494 337 594 366 Phaces
617 336 692 365 filius
707 336 836 366 Romeliae
853 334 975 364 ascende-
991 332 1010 355 Ε

234 391 307 413 runt.
321 384 408 413 Achez
421 390 510 412 autem
530 382 602 411 misit
612 381 648 411 ad
660 381 875 422 Theglaphassar
893 382 975 420 Assy-

234 430 317 467 rium,
329 430 363 459 ad
386 429 577 459 commilitium
598 439 721 458 evocans.
738 428 789 458 Ille
813 435 903 457 autem
926 438 973 457 ve-

234 476 318 512 niens,
324 476 394 516 cepit
406 477 609 509 Damascum,et
620 475 719 504 Raasiu
730 474 838 504 occidit.
849 473 975 513 Ascendit

234 529 324 552 autem
345 529 371 551 et
397 522 566 551 salmanasar
591 521 718 561 Assyrius
743 520 780 550 ad
798 522 867 551 Osee
886 520 975 549 filium

236 569 297 604 Ela,
313 568 361 606 qui
378 567 430 596 fuit
448 567 490 596 illi
509 577 614 597 servus.
627 568 666 597 Ut
685 567 759 597 novit
776 574 866 596 autem
887 568 973 606 Assy—

234 613 291 643 rius
306 614 386 642 illum
407 613 581 643 defectionem
599 613 716 653 cogitare
722 626 730 651 ;
751 613 858 642 miserat
874 612 976 652 quippe

234 660 335 700 legatos
348 659 382 689 ad
394 659 559 699 AEthiopem,
568 658 672 689 obsedit
683 670 744 689 eum
758 666 783 688 et
793 659 881 688 vinxit
891 669 954 688 eum
966 670 973 687 z

571 182 602 205 S.
629 182 770 222 ‚toANle
797 181 984 205 CHRYSOST.
1011 181 1168 204 Ancmm‘.
1194 180 1468 205 CONSTANTINOP.

1031 241 1150 281 Ἀζαρίας
1163 243 1177 270 ὁ
1191 241 1236 271 καὶ
1250 242 1351 276 Ὀζίας.
1362 241 1426 271 Ἐπὶ
1440 240 1532 270 τούτου
1543 240 1725 280 ἤρξατοὨσηὲ
1737 251 1802 280 προ-

1027 286 1161 328 φητεύειν.
1175 287 1230 317 Τὸν
1244 287 1271 318 δὲ
1297 287 1454 327 ’Ζαχαρίαν
1469 286 1568 316 ἀνελὼν
1582 289 1596 316 ὁ
1613 288 1712 323 Σελῦς,
1738 286 1803 315 ἐδα-

1027 333 1131 362 σίλευσε
1143 336 1188 362 τοῦ
1204 333 1320 373 Ἰσραήλ.
1342 329 1428 366 Οὗτος
1455 333 1589 373 ἐχρήσατο
1607 334 1641 372 τῇ
1661 332 1803 372 συμμαχίᾳ

1026 380 1105 408 mou&
1119 378 1249 418 βασιλέως
1264 379 1405 419 Ἀσσυρίων
1415 401 1422 414 ,
1433 378 1508 419 χίλια
1523 378 1640 407 τάλαντα
1652 378 1711 412 δοὺς
1721 379 1804 417 αὐτῷ.

1027 424 1241 460 Τελευτήσαντος
1250 426 1329 454 αὐτοῦ
1338 447 1345 461 ,
1361 424 1488 463 Μαναεὶμ
1501 424 1670 454 ἐὸασίλευσεν
1683 425 1739 453 ἀντ’
1755 425 1802 453 αὖ-

1025 473 1081 500 τοῦ.
1097 469 1174 499 Μετὰ
1188 470 1215 500 δὲ
1229 470 1274 500 τὸν
1287 470 1381 504 Ὀζίαν
1396 470 1551 499 ἓὸασίλευσε
1564 472 1611 498 τοῦ
1624 469 1711 498 Ἰούδα
1723 471 1738 498 ὁ
1751 469 1805 502 υἱὸς

1027 517 1106 545 αὐτοῦ
1120 514 1251 555 ι”Ιιι)Θοὶμ.
1267 516 1319 546 Καὶ
1334 515 1427 545 τούτου
1441 515 1648 551 τελευτήσαντος
1662 514 1805 544 {euomu-

1027 574 1071 591 σεν
1082 561 1166 603 Ἄχαζ
1179 562 1233 595 υἱὸς
1253 562 1363 601 Ἰωθάμ.
1387 563 1450 602 Ἐφ’
1473 557 1503 591 οὗ
1529 561 1655 591 Ῥαασεὶν
1680 563 1694 590 ὁ
1717 560 1804 601 Σύρος

1027 608 1123 643 ἀνῆλθε
1138 607 1183 636 καὶ
1201 607 1293 641 Φακὲς
1309 607 1364 641 υἱὸς
1384 607 1541 646 Ῥωμελίου.
1556 606 1590 636 Ὁ
1602 606 1629 636 δὲ
1641 606 1723 647 Ἄχαζ
1738 606 1806 636 ἀπέ-

1026 655 1113 683 στειλε
1124 654 1189 693 πρὸς
1201 657 1212 670 ⁰
1221 652 1419 693 Θεγλαφαλσὰρ
1432 652 1477 682 τὸν
1491 652 1634 692 Ἀσσύριον,
1649 654 1686 686 εἷς
1697 663 1806 691 συμμα-

234 713 363 746 captaque
377 705 496 735 Samaria
505 705 618 744 aliisque
631 705 756 741 urbibus,
764 704 879 745 populos
890 711 976 733 trans-
984 700 1088 745 357χίαν
1097 701 1195 729 καλῶν.
1206 699 1240 728 Ὁ
1252 699 1280 728 δὲ
1289 698 1370 728 ἐλθὼν
1382 698 1462 728 ἔλαθε
1475 698 1524 735 τὴν
1532 698 1687 737 Δαμασκὸν,
1702 698 1748 727 καὶ
1757 699 1803 728 τὸν

233 751 297 781 tulit
323 752 350 781 in
370 751 506 792 Assyrios.
518 751 569 782 Hic
581 751 712 781 accusatio
734 751 848 780 habetur
867 751 976 780 Israelis
994 755 1014 777 Α

233 804 259 826 et
271 798 360 828 Judae.
373 798 428 836 Qui
449 797 558 828 adducti
570 799 674 828 fuerant
688 809 723 828 ex
734 798 871 838 Babylone
884 798 912 826 in
924 798 977 828 Sa-

233 843 356 882 mariam,
386 851 416 874 ut
441 844 592 874 habitarent
617 845 664 879 ibi,
688 844 751 884 quia
776 855 827 874 non
848 844 978 874 timebant

234 892 332 928 Deum,
352 891 582 920 interficiebantur
596 902 612 920 a
632 890 766 920 leonibus.
790 891 868 919 Tunc
893 890 976 919 mitti-

233 944 279 967 tur
297 937 420 967 sacerdos
439 937 512 972 inde,
527 937 575 976 qui
594 937 671 967 docet
690 937 753 966 illos
766 937 851 977 legem
866 937 917 967 Dei
932 943 978 966 :et

234 984 276 1013 illi
295 986 384 1014 Deum
399 984 539 1020 timebant,
555 983 680 1022 idolaque
703 983 837 1013 colebant.
860 982 978 1012 Historia

235 1030 355 1059 Ezechiae
375 1037 400 1059 et
420 1029 604 1069 Assyriorum,
619 1039 679 1068 quae
698 1029 779 1058 etiam
800 1029 828 1058 in
847 1029 917 1059 Isaia
930 1029 979 1058 ha-

233 1076 339 1106 bentur.
352 1076 470 1106 Historia
486 1075 618 1105 Manassis
638 1082 663 1104 et
681 1075 826 1116 impietatis
849 1075 978 1105 caedium-

234 1133 287 1161 que
306 1123 375 1163 ejus.
389 1124 428 1152 Ut
450 1129 539 1151 autem
559 1129 681 1151 mortuus
698 1128 749 1159 est,
762 1122 882 1162 regnavit
905 1121 979 1151 filius

234 1168 292 1207 ejus
310 1171 407 1197 Arnon.
429 1169 490 1205 Quo
511 1175 627 1204 mortuo,
652 1167 773 1207 regnavit
797 1167 885 1197 Josias
906 1167 980 1198 filius

235 1216 294 1255 ejus
310 1227 316 1242 :
331 1214 365 1243 de
375 1225 430 1253 quo
444 1214 575 1254 propheta
589 1212 716 1253 praedixit
728 1214 888 1243 Jeroboamo
901 1225 979 1244 servo

234 1260 397 1297 Salomonis,
419 1259 526 1298 quando
546 1269 641 1288 manus
662 1258 734 1298 regis
751 1259 827 1288 arida
846 1259 914 1288 facta
927 1266 976 1288 est.

235 1307 286 1336 Hic
312 1306 473 1346 expurgavit
486 1306 645 1342 Jerusalem,
658 1305 768 1344 locaque
792 1306 892 1341 omnia,
913 1306 979 1335 effo-
995 1306 1014 1329 Β

234 1352 276 1381 dit
288 1352 346 1382 loca
363 1352 549 1392 sepulcrorum
562 1351 590 1380 in
611 1351 712 1390 quibus
731 1351 879 1380 sacerdotes
893 1351 979 1381 idolo-

235 1409 308 1436 rum,
322 1398 450 1428 contrivit
465 1397 549 1427 idola.
562 1399 603 1427 De
614 1397 663 1426 illo
677 1397 780 1426 dictum
794 1404 845 1435 est,
862 1397 979 1427 similem

235 1445 260 1474 ei
278 1455 331 1474 non
350 1445 432 1474 fuisse
447 1451 523 1473 antea
544 1454 633 1484 regem
645 1466 654 1479 ,
667 1443 714 1482 qui
733 1453 877 1474 conversus
898 1444 980 1474 fuerit

235 1490 271 1520 ad
287 1490 432 1520 Dominum
449 1490 476 1519 in
488 1497 544 1520 toto
565 1489 646 1519 coide
664 1500 723 1525 suo,
734 1496 760 1519 et
776 1490 802 1519 in
818 1497 873 1519 tota
891 1490 980 1520 anima

236 1547 295 1566 sua.
317 1538 375 1567 Hoc
398 1544 525 1577 regnante
544 1536 705 1576 prophetare
725 1540 805 1576 eoepit
825 1537 977 1567 Jeremias:

236 1583 372 1623 hujusque
397 1590 515 1623 tempore
539 1589 595 1611 erat
619 1581 691 1612 Olda
716 1583 894 1623 prophetissa.
910 1584 980 1613 Cum

236 1635 325 1658 autem
342 1629 482 1658 occidisset
507 1639 569 1658 eum
591 1628 695 1657 Pharao
719 1628 839 1666 Necbao,
858 1629 981 1669 regnavit

237 1675 352 1705 Joachas
364 1675 438 1704 filius
451 1675 509 1715 ejus
520 1685 570 1715 pro
584 1685 624 1703 co.
635 1674 738 1704 Pharao
761 1681 850 1704 autem
863 1675 915 1704 hoc
931 1675 979 1705 de-

234 1722 316 1761 jecto,
325 1728 351 1751 et
363 1721 391 1750 in
405 1721 555 1761 AEgyptum
568 1720 696 1758 abducto,
704 1720 751 1749 ubi
764 1720 845 1750 etiam
859 1728 981 1751 mortuus

238 1775 288 1804 est,
299 1768 437 1797 constituit
449 1778 538 1807 regem
550 1767 630 1797 Josiae
647 1766 736 1796 filium
750 1767 879 1804 Eliacim,
894 1768 942 1807 qui
956 1775 982 1798 et

238 1815 372 1850 Joachim,
393 1822 419 1844 et
443 1822 520 1844 terrae
538 1814 670 1844 tributum
697 1813 836 1854 imposuit.
857 1815 982 1845 Joachim

239 1861 343 1900 primus
354 1862 381 1890 in
393 1868 549 1901 potestatem
562 1860 836 1891 Nabuchodonosoris
846 1861 980 1900 redactus,
999 1855 1018 1879 C

239 1914 314 1936 extra
332 1918 424 1936 muros
442 1907 560 1947 dejectus
580 1914 630 1936 est.
647 1908 688 1936 De
709 1906 758 1936 illo
772 1906 810 1936 ait
826 1908 956 1938 ,Ieremias
972 1920 979 1936 t

240 1954 268 1982 E
270 1956 307 1982 rit
316 1956 500 1983 morticinum
513 1955 574 1994 ejus
587 1955 748 1993 projectum
757 1955 788 1982 in
800 1960 902 1983 aestum
911 1955 981 1992 diei,

239 2006 267 2028 et
276 2001 308 2028 in
327 2000 420 2039 frigus
437 2001 528 2029 noctis
539 2007 582 2029 :et
594 2007 658 2029 tunc
672 2000 826 2040 Sepultura
842 2003 921 2030 asim·
937 2012 984 2032 se-

236 2047 368 2086 pelietur.
391 2047 461 2076 Nam
484 2053 625 2086 postquam
645 2046 792 2076 dissolutus
805 2054 832 2076 et
841 2055 984 2088 corruptus

237 2100 304 2129 erat,
317 2099 381 2122 tunc
390 2092 512 2132 sepultus
522 2099 572 2121 est.
582 2094 694 2122 Mortuo
715 2093 830 2123 Eliacim
847 2093 905 2124 sive
915 2095 983 2125 Joa-

238 2139 312 2168 chim
331 2138 389 2168 filio
403 2138 494 2175 Josiae,
510 2144 601 2177 regnat
618 2138 741 2167 Joachim
754 2139 829 2168 filius
848 2141 918 2180 ejus,
933 2151 984 2170 ne-

241 2195 289 2225 pos
310 2184 400 2215 Josiae.
420 2184 471 2213 Hic
489 2193 570 2224 porro
589 2183 723 2220 Joachim,
737 2185 816 2214 etiam
839 2186 982 2216 Jechonias

273 2277 284 2289 ¹
303 2268 555 2304 zaxoepiuv.Lugdun.
576 2268 652 2293 habet
673 2268 783 2304 Ᾰςαρίαν.
804 2271 835 2294 In
845 2270 899 2295 aliis
915 2280 1000 2296 exem-

241 2308 353 2343 plaribus
368 2308 458 2342 legitur
469 2310 580 2341 Συλλούμ.
593 2309 651 2333 Non
663 2308 704 2332 hic
718 2314 801 2332 nutem
812 2328 818 2339 ‚
830 2309 874 2334 sed
881 2310 932 2342 ejus
943 2320 1000 2336 suc-

242 2357 325 2375 cessor
335 2357 392 2373 usus
401 2354 438 2373 est
449 2347 542 2372 auxilio
554 2347 629 2373 Phuae
640 2368 647 2378 ,
656 2348 707 2373 sive
723 2347 799 2380 Phul,
811 2350 875 2380 regis
888 2351 1000 2383 Assyrio-

242 2399 307 2416 rum.
322 2387 373 2413 Sed
381 2393 436 2413 erat
446 2388 472 2412 in
479 2386 764 2418 exemplatim-»Graecis
773 2386 895 2412 librorum
904 2389 1000 2422 Regum

243 2431 306 2455 mira
315 2429 451 2454 lectionum
460 2427 576 2452 varietas.

276 2472 289 2490 b
306 2469 401 2501 Ῐωαθάμ
412 2467 500 2501 legitur
516 2467 597 2496 ἰΠτοῖς
611 2465 650 2491 0'.
663 2464 734 2491 Infra
751 2463 844 2493 ῥαασεὶν
856 2469 868 2493 ὁ
879 2469 954 2502 Σύρος.
968 2468 999 2492 In

243 2509 361 2535 Editioue
371 2509 486 2533 Romana
497 2506 587 2539 legitur
597 2503 710 2532 ῥαασσών.
723 2504 773 2530 Sed
785 2506 855 2531 Isaiae
865 2515 887 2530 c.
901 2508 926 2538 7,
937 2516 963 2531 v.
975 2508 997 2539 l,

243 2549 332 2581 Regitur
344 2545 417 2579 bactu,
431 2551 456 2571 et
468 2545 535 2578 apud
547 2544 758 2579 Chrysostomum
770 2544 795 2570 in
806 2546 899 2570 Isaiam
909 2545 998 2570 eodem

244 2596 300 2620 cap.
312 2585 390 2621 ῥασήμ
398 2592 424 2611 et
434 2584 508 2612 i‘ueiv.
517 2584 678 2617 Mam-scripti
687 2584 768 2610 nostri
777 2585 884 2610 variant.
894 2584 986 2610 Coisliu

1027 745 1156 775 Ῥαασσὶν
1178 745 1337 775 ἐθανάτωσε.
1361 744 1453 781 Ἀνέὸη
1468 744 1496 774 δὲ
1520 744 1566 774 καὶ
1588 744 1771 784 Σαλμανασὰρ
1791 746 1806 773 ὁ

1029 791 1163 832 Ἀσσύριος
1182 791 1226 820 ἐπὶ
1245 790 1327 826 Ὠσηὲ
1339 790 1383 820 τὸν
1394 790 1449 819 υἱὸν
1463 791 1531 819 Ἐλᾶ
1540 812 1548 826 ,
1562 790 1607 819 καὶ
1619 789 1723 829 ἐγένετο
1735 791 1808 829 αὐτῷ

1029 839 1127 871 δοῦλος.
1147 837 1194 871 Ὡς
1208 837 1235 866 δὲ
1250 837 1317 877 ἔγνω
1331 839 1344 866 ὁ
1356 836 1490 876 Ἀσσύριος
1500 859 1508 872 ,
1523 836 1565 866 ὅτι
1580 837 1728 872 ἀποστῆναι
1740 835 1805 875 βού-

1028 884 1117 920 λεται,
1131 883 1177 914 καὶ
1189 883 1241 923 γὰρ
1254 882 1450 923 ἐπρεσὸεύσατο
1461 882 1526 922 πρὸς
1539 882 1583 911 τὸν
1599 881 1729 918 Αἰθίοπα)
1742 883 1805 911 ἐπο-

1028 929 1168 970 λιόρκησεν
1182 930 1270 966 αὐτὸν,
1280 929 1325 958 καὶ
1333 928 1426 964 ἔδησεν
1435 928 1523 965 αὐτὸν,
1537 927 1582 957 καὶ
1593 927 1642 963 τὴν
1653 927 1807 967 Σαμάρειαν

1028 975 1119 1005 λαθὼν
1134 975 1179 1005 καὶ
1193 975 1283 1016 ἑτέρας
1306 974 1396 1008 πόλεις
1405 997 1413 1011 ,
1441 974 1588 1015 μετῴκισεν
1603 976 1640 1008 εἷς
1650 974 1809 1015 Ἀσσυρίους.

1029 1021 1185 1062 Κατηγορία
1196 1025 1243 1051 τοῦ
1269 1020 1380 1060 Ἰσραὴλ
1402 1021 1515 1050 ἐνταῦθα
1529 1020 1574 1049 καὶ
1587 1023 1633 1049 τοῦ
1647 1019 1744 1049 Ἰούδα.
1771 1021 1808 1049 Οἱ

1031 1067 1083 1096 ἀπὸ
1098 1067 1255 1101 Βαὸυλῶνος
1279 1066 1404 1106 ἀχθέντες
1426 1066 1471 1095 καὶ
1490 1066 1698 1100 κατοικισθέντες
1723 1067 1751 1095 ἐν
1774 1068 1807 1102 τῆ

1030 1113 1188 1154 Σαμαρείᾳ,
1210 1112 1301 1148 ἐπειδὴ
1316 1112 1354 1151 μὴ
1369 1112 1510 1152 ἐφοὸοῦντο
1529 1112 1573 1142 τὸν
1591 1113 1660 1142 Θεὸν
1670 1135 1678 1149 ,
1695 1111 1809 1153 διεφθεί-

1031 1171 1106 1200 ροντο
1119 1159 1171 1189 ὑπὸ
1184 1161 1237 1188 τῶν
1245 1158 1368 1188 λεόντων.
1382 1158 1452 1187 Τότε
1463 1159 1599 1198 πέμπεται
1609 1157 1692 1199 ἱερεὺς
1701 1160 1809 1194 ἐκεῖθεν,

1030 1205 1076 1235 καὶ
1097 1204 1204 1247 φωτίζει
1215 1204 1310 1238 αὐτοὺς
1323 1203 1368 1233 τὸν
1382 1204 1463 1244 νόμον
1477 1208 1524 1234 τοῦ
1533 1206 1604 1235 Θεοῦ
1613 1227 1621 1241 ,
1635 1204 1680 1234 καὶ
1694 1205 1739 1234 τὸν
1751 1204 1805 1234 Κύ-

1033 1263 1086 1292 ριον
1112 1250 1252 1292 ἐφοὸοῦντο
1263 1273 1271 1288 ,
1299 1250 1344 1280 καὶ
1369 1255 1423 1284 τοῖς
1450 1250 1568 1285 εἰδώλοις
1589 1251 1737 1291 ἔλάτρευον.
1765 1252 1809 1281 Τὰ

1032 1297 1101 1327 κατὰ
1114 1297 1158 1326 τὸν
1180 1296 1302 1330 Ἐζεκίαν
1321 1296 1367 1326 καὶ
1388 1297 1432 1326 τὸν
1458 1296 1610 1337 Ἀσσύριον,
1635 1296 1652 1325 ἃ
1671 1297 1716 1326 καὶ
1730 1298 1758 1326 ἐν
1770 1298 1809 1337 τῷ

1031 1343 1132 1384 ἹῙσαΐᾳ
1145 1347 1240 1373 κεῖται.
1254 1343 1297 1372 Τὰ
1308 1342 1377 1372 κατὰ
1393 1342 1437 1372 τὸν
1453 1344 1586 1379 Μανασσῆ
1611 1343 1656 1373 καὶ
1677 1343 1726 1379 τὴν
1749 1343 1811 1373 ἀσέ-

1036 1390 1109 1419 ὃειαν
1129 1390 1208 1419 αὒτοῦ
1218 1412 1226 1426 ,
1247 1389 1292 1418 καὶ
1305 1389 1353 1422 τὰς
1365 1388 1522 1428 μιαιφονίας.
1542 1389 1589 1422 Ὡς
1601 1388 1628 1418 δὲ
1640 1389 1753 1419 ἀπέθανε
1764 1389 1810 1419 καὶ

1032 1432 1106 1470 οἶτος
1115 1460 1123 1473 ,
1140 1435 1309 1465 ἑὸασίλευσεν
1322 1437 1336 1464 ὁ
1348 1434 1403 1468 υἱὸς
1417 1436 1496 1465 αὐτοῦ
1511 1434 1606 1474 Ἀμών.
1622 1435 1810 1471 Τελευτήσαν-

1031 1494 1074 1516 τος
1089 1482 1117 1511 δὲ
1134 1484 1179 1510 τοῦ
1194 1480 1296 1520 Ἀμὼν,
1316 1480 1484 1512 ἔὸασίλευσεν
1499 1480 1603 1514 Ἰωσίας
1614 1483 1628 1510 ὁ
1644 1481 1699 1514 υἱὸς
1712 1482 1792 1510 αὐτοῦ
1802 1489 1809 1496 ·

1032 1527 1094 1568 περὶ
1113 1523 1142 1556 οὗ
1161 1526 1344 1567 ἐπροφητεύθη
1361 1528 1400 1567 τῷ
1413 1526 1554 1567 Ἱεροὸοὰμ
1568 1526 1652 1567 δούλῳ
1665 1530 1711 1556 τοῦ
1726 1528 1810 1556 Σολο-

1034 1575 1148 1613 μῶντος,
1162 1572 1206 1602 ὅτε
1217 1572 1262 1602 καὶ
1271 1575 1288 1608 ἡ
1297 1572 1357 1613 χεὶρ
1366 1575 1411 1601 τοῦ
1427 1572 1557 1612 βασιλέως
1570 1572 1708 1613 ἐξηράνθη.
1723 1568 1810 1607 Οὗτος

1033 1621 1146 1659 ἐκαθῆρε
1153 1619 1202 1655 τὴν
1214 1618 1451 1659 Ἱερουσαλὴμ,καὶ
1458 1618 1545 1648 πάντα
1556 1619 1645 1654 τόπον,
1657 1619 1811 1659 ἀνασκάψας

1033 1667 1048 1682 *
1058 1665 1154 1698 τόπους
1164 1667 1217 1695 τῶν
1231 1664 1323 1705 ἱερέων
1334 1666 1387 1693 τῶν
1402 1664 1516 1694 εἰδώλων
1524 1687 1532 1701 ,
1559 1665 1702 1706 συντρίψας
1714 1665 1748 1694 τὰ
1772 1665 1811 1695 εἴ-

1035 1713 1115 1741 δωλα.
1130 1711 1199 1752 Περὶ
1212 1712 1291 1741 αὐτοῦ
1306 1710 1419 1751 εἴρηται,
1430 1711 1471 1740 ὅτι
1481 1710 1569 1750 ὅμοιος
1582 1712 1654 1751 αὐτῷ
1665 1713 1695 1741 οὗ
1705 1711 1811 1751 γέγονεν

1035 1757 1181 1798 ἔμπροσθεν
1197 1757 1334 1798 βασιλεὺς,
1358 1757 1385 1791 ὃς
1407 1756 1552 1797 ἐπέστρεψε
1577 1757 1643 1798 πρὸς
1663 1757 1759 1798 Κύριον
1783 1759 1811 1787 ἐν

1035 1805 1083 1845 8λῄ
1099 1804 1194 1845 καρδία
1208 1805 1287 1834 αὐτοῦ
1296 1825 1304 1839 ,
1317 1803 1363 1834 καὶ
1376 1804 1403 1833 ἐν
1415 1803 1463 1842 ὅλῃ
1477 1805 1552 1844 ψυχῇ
1565 1805 1654 1834 αὐτοῦ.
1671 1803 1736 1834 Ἐπὶ
1748 1803 1812 1834 τού-

1035 1863 1081 1880 του
1099 1851 1196 1891 ἤρξατο
1217 1849 1392 1890 προφητεύειν
1417 1849 1547 1889 Ἱερεμίας
1559 1862 1566 1868 ·
1592 1849 1637 1879 ἐπὶ
1660 1849 1754 1879 τούτου
1778 1846 1812 1886 ἦν

1035 1898 1122 1927 Ὀλδᾶ
1131 1897 1268 1937 προφῆτις.
1283 1895 1332 1929 Ὡς
1345 1895 1372 1925 δὲ
1383 1897 1484 1925 ἀνεῖλεν
1495 1896 1572 1925 αὐτὸν
1584 1895 1688 1936 Φαραὼ
1702 1895 1811 1936 Νεχαὼ,

1037 1941 1170 1983 βασιλεύει
1190 1944 1204 1971 ὃ
1222 1941 1337 1981 Ἰωᾶχαζ
1357 1943 1372 1970 ὁ
1390 1941 1444 1975 υἱὸς
1456 1942 1536 1970 αὐτοῦ
1553 1943 1608 1971 ἀντ’
1620 1942 1709 1970 αὐτοῦ.
1733 1941 1767 1970 Ὁ
1784 1941 1813 1970 δὲ

1036 1988 1140 2029 Φαραὼ
1159 1987 1205 2018 καὶ
1230 1990 1320 2018 τοῦτον
1348 1988 1498 2021 καταλύσας
1507 2010 1515 2024 ,
1545 1987 1590 2017 καὶ
1615 1989 1652 2021 εἰς
1679 1987 1812 2027 Αἴγυπτον

1036 2034 1142 2075 ἀγαγὼν
1153 2056 1161 2070 ,
1176 2034 1237 2064 ἔνθα
1257 2034 1302 2063 καὶ
1319 2033 1432 2063 ἀπέθανε
1441 2056 1450 2070 ,
1462 2033 1624 2070 κατέστησεν
1642 2034 1697 2063 υἱὸν
1710 2033 1813 2063 Ἰωσίου

1037 2085 1179 2125 Ἐλιακεὶμ
1194 2085 1239 2115 τὸν
1253 2085 1298 2114 καὶ
1312 2085 1454 2124 ’Ῑωακεὶμ,
1469 2085 1515 2115 καὶ
1530 2085 1679 2125 ἐφορολόγει
1696 2084 1744 2121 τὴν
1753 2086 1813 2124 γῆν.

1035 2139 1047 2152 ¹
1057 2135 1109 2169 Ὃς
1128 2137 1232 2176 πρῶτος
1244 2135 1382 2175 γενόμενος
1393 2139 1439 2165 τοῦ
1456 2134 1705 2175 Ναὸουχοδονόσορ,
1719 2134 1812 2175 ἔῤῥίφη

1037 2186 1087 2221 ἔξω
1094 2189 1147 2216 τῶν
1154 2186 1336 2227 τειχῶν.Περὶ
1351 2187 1429 2215 αὐτοῦ
1445 2197 1524 2225 φησιν
1538 2187 1552 2214 ὁ
1563 2184 1701 2225 Ἱερεμίας·
1715 2184 1813 2215 Ἔσται

1049 2271 1114 2297 infra
1131 2270 1203 2303 ὁζιαν
1214 2269 1300 2301 habet,
1319 2269 1438 2303 Lugdun.
1453 2278 1512 2295 vero
1526 2268 1636 2305 Ᾱζαρὶαν.
1652 2269 1712 2294 Mox
1728 2274 1813 2294 autem

1049 2309 1166 2344 Lugdun.
1174 2310 1262 2343 ἰωθάμ,
1275 2309 1379 2335 Coislin.
1392 2315 1477 2334 autem
1489 2309 1596 2335 iwe'toav.

1083 2358 1093 2369 ι·
1111 2351 1142 2375 In
1152 2348 1270 2374 Editione
1281 2356 1326 2376 τῶν
1337 2349 1372 2375 Ο’.
1388 2348 1479 2382 legitur
1491 2350 1704 2382 Θαλγαθφελλασὰρ
1715 2350 1813 2381 βασιλέα

1050 2388 1170 2425 Ᾰσσυρίων.
1184 2388 1289 2415 (ἶοὶειΙίιι.
1309 2391 1462 2423 Θιγλαφασόφ
1484 2393 1523 2414 τὸν
1538 2390 1615 2421 Σῦρον.
1635 2386 1754 2412 Mendum
1765 2388 1814 2412 erit.

1050 2437 1096 2460 pro
1107 2431 1306 2463 Θιγλαθφαλασὰρ
1318 2433 1355 2454 τὸν
1372 2427 1480 2462 Ᾰσσὺριον
1495 2436 1500 2451 ;
1513 2426 1579 2451 infra
1591 2427 1658 2458 enim
1677 2425 1766 2460 legitur
1783 2430 1812 2457 ὡς

1049 2471 1073 2495 δὲ
1082 2471 1137 2501 ἔγνω
1150 2471 1162 2494 ὸ
1173 2466 1289 2504 Ᾰσσύριος.
1302 2466 1419 2500 Lugdun.
1431 2468 1620 2501 Θεγλαδφαλσάρ.

1081 2508 1090 2517 ·
1107 2506 1201 2540 [Coisl.
1226 2507 1253 2531 in
1275 2514 1355 2540 marg.
1370 2509 1462 2540 τάφους.
1482 2504 1560 2530 Recte
1578 2505 1691 2530 omuino.
1712 2502 1776 2528 Vide
1798 2505 1811 2527 4

1047 2546 1108 2578 neg.
1121 2547 1163 2577 23,
1178 2545 1233 2580 ⁴6.]

1080 2592 1090 2603 ἢ
1109 2585 1156 2609 llic
1170 2584 1235 2610 forte
1248 2584 1367 2610 mendum
1380 2582 1492 2608 habetur.
