1890 2826
181 174 247 209 262

526 182 555 205 S.
577 180 710 205 JOANNIS
734 178 914 203 CHRYSOST.
944 175 1388 200 ARC}11EP.CONSTANT1NOP.

177 248 350 277 Altissimus
377 255 465 285 regno
492 246 653 274 hominum.
669 242 757 273 Vides
777 249 806 271 ut
827 240 915 270 omnia
928 266 965 285 2²7
976 238 1075 275 ὅαλον;
1098 238 1139 267 Δι’
1154 236 1243 268 οὐδέν·
1259 240 1275 273 ἡ
1298 237 1325 267 δὲ
1342 235 1435 276 Γραφὴ
1447 235 1492 265 καὶ
1503 234 1551 271 τὴν
1566 233 1651 264 αἰτίαν
1663 233 1743 273 φησί’

178 296 235 323 Dco
257 292 396 334 possibilia
416 291 580 321 siniffctiam
596 301 629 319 cx
651 288 807 319 homiuibus
819 287 917 317 bestias
937 294 957 318 Α
975 290 1035 320 Ἵνα
1061 291 1143 330 γνῶσι
1162 289 1275 326 πάντες,
1302 289 1342 319 ὅτι
1367 287 1480 328 κυριεύει
1505 289 1520 317 ὃ
1541 286 1671 327 ’Ύψιστος
1697 287 1744 321 τῆς

178 342 273 378 facere,
285 347 310 369 ct
320 346 433 369 mentem
447 339 571 368 mutane’?
584 335 678 377 Cogita
690 342 790 375 quanta
798 346 841 365 res
851 340 919 364 esset

178 387 306 426 cum,qui
317 393 393 416 antea
401 386 427 414 in
439 392 511 415 tanto
525 383 667 424 splendore
677 382 800 420 vixisset,
811 391 919 412 cernere

177 444 240 463 cum
252 432 345 462 bestiis
361 432 511 472 degentem,
519 430 634 460 nudum.
644 430 706 459 Non
727 428 800 458 enim
825 427 920 466 utique

178 481 291 509 formam
300 478 424 516 mutavst5
431 477 648 517 quandoquidem
657 475 686 505 id
692 474 858 505 horrendum
866 484 919 503 non

178 528 340 557 suisset.Cor
355 532 443 555 autem
455 525 545 554 bestiae
554 524 686 563 accepisse
702 532 755 552 non
767 521 829 552 ideo
842 520 919 556 dicit,

179 574 253 612 quod
271 579 358 602 mente
375 572 455 601 suerit
469 570 609 605 alienatus,
621 568 667 598 scd
684 567 758 607 quod
771 567 921 596 humanum

180 619 300 648 animum
310 618 520 654 liaben5,cuncta
532 616 651 645 sentiret.
662 615 731 645 Nam
744 613 767 643 si
777 623 922 644 conversus

179 666 271 695 suisset
281 666 307 694 in
315 664 438 700 bestiam,
445 674 474 693 ea
487 672 546 702 quae
556 661 712 692 eveniebant
723 670 775 689 non
783 658 922 698 cognovis-

179 711 307 749 set.Quid
313 708 607 750 igitursignificat‚Cor
612 708 710 738 bestiae
717 707 819 736 datum
827 712 870 735 est
877 707 920 735 ei?

180 758 212 788 ld
222 765 272 795 est,
281 757 391 797 agrestis
401 767 430 786 ac
442 756 515 785 serus
524 754 620 792 evasit,
627 765 674 784 nec
685 753 793 784 volebat
803 763 865 783 cum
875 753 921 782 ho-

181 804 300 834 minibus
314 803 431 841 versari;
446 802 490 832 vel
501 802 593 837 etiam,
607 801 717 830 timebat
730 810 793 829 oum
806 799 922 829 homini·
940 812 958 835 ῃ

180 851 232 879 bus
245 849 355 889 dcgere;
370 848 557 886 vel,ho¹nines
567 855 598 877 ut
610 847 679 876 feras
693 846 837 876 metuebat.
847 845 923 883 Quid

182 896 239 926 lieri
265 895 349 936 possit
373 895 422 924 illo
439 894 608 924 sublimius?
625 893 692 933 quid
717 893 810 923 codem
830 893 925 922 humi-

182 942 256 971 lius?
268 943 296 971 E
298 948 309 971 t
322 941 459 981 expulsus
478 946 520 970 est
533 941 571 969 ab
589 940 766 968 hominibus.
781 939 924 977 Nusquam

181 989 258 1018 illius
274 987 390 1029 potentia
405 986 526 1016 defendit
539 985 630 1015 illum.
644 986 704 1014 Non
714 991 771 1014 erat
783 984 925 1014 carnivora

182 1034 331 1070 l›cstia‚sed
341 1035 443 1064 foenum
452 1032 617 1068 comedebat,
625 1038 652 1062 et
667 1037 724 1061 erat
740 1030 828 1070 imago
837 1030 923 1060 bruti.

183 1083 222 1111 Ut
234 1080 434 1120 credas‚inquit
448 1091 456 1108 ι
470 1079 545 1110 velut
556 1089 607 1119 pro
620 1084 749 1108 consueto
762 1076 864 1117 pabulo
877 1077 926 1106 ha-

184 1129 259 1158 bebis
280 1128 401 1157 herbam.
415 1125 558 1164 Quomodo
569 1125 631 1154 serae
645 1124 725 1154 illum
742 1133 795 1153 non
808 1123 926 1154 devora-

184 1175 265 1204 runt?
272 1173 408 1212 quomodo
416 1183 514 1212 corpus
523 1171 599 1201 illius
609 1171 684 1201 cibos
691 1169 825 1210 ejusmodi
839 1170 927 1210 potuit

184 1219 365 1259 concoquere?
383 1217 520 1257 quomodo
545 1227 599 1246 non
622 1216 723 1256 periit?
735 1217 829 1254 Neque
854 1216 925 1246 enim

184 1267 266 1297 breve
279 1273 386 1305 tempus
406 1263 573 1294 intercessit:
586 1263 728 1299 circuibat,
743 1262 870 1292 omnibus
883 1263 927 1292 sa-

185 1319 244 1342 ctus
257 1311 412 1351 exemplum
426 1309 599 1345 humilitatis,
613 1309 641 1338 in
653 1308 741 1348 seipso
757 1308 844 1337 ferens
855 1308 927 1338 indi-

186 1359 226 1387 cia
238 1357 398 1398 punitionis,
412 1355 640 1396 quemadmodum
655 1364 750 1385 servus
764 1353 835 1383 notis
852 1365 926 1383 com-

188 1412 314 1445 punctus.
339 1406 373 1433 At
397 1410 467 1433 certe
493 1402 668 1442 praestitisset,
692 1400 792 1430 dixerit
818 1400 929 1430 sortasse

187 1451 296 1490 aliquis,
318 1461 381 1480 enm
401 1449 558 1479 hominibus
576 1448 656 1478 illum
672 1447 781 1484 versari,
796 1453 877 1485 atque
900 1447 929 1477 id

189 1498 244 1537 pati
261 1509 267 1526 :
281 1496 329 1526 sed
342 1503 370 1526 ut
390 1505 469 1536 poena
485 1494 538 1535 ipsi
555 1493 746 1534 adaugeretur,
761 1493 814 1523 hoc
830 1493 930 1523 factum

188 1550 238 1572 est.
257 1544 327 1573 Nam
345 1541 484 1582 castigatio
507 1539 618 1580 perinde
639 1539 772 1576 manebat,
793 1550 856 1569 cum
871 1550 931 1578 quae

190 1590 240 1630 ipsi
253 1595 406 1625 evenerant,
418 1598 510 1617 omnes
521 1586 701 1623 enuntiarent,
714 1596 830 1624 cumque
842 1586 931 1626 ipsum

189 1647 264 1675 mque
275 1635 398 1667 viderent
411 1634 475 1663 soris
485 1645 494 1662 τ
509 1633 537 1662 id
551 1639 639 1662 autem
653 1642 760 1662 cernere
773 1632 860 1661 multo
878 1639 932 1662 ter—

190 1683 298 1711 ribilius
311 1688 375 1710 erat.
387 1681 442 1710 Nec
455 1687 560 1719 tempus
574 1679 656 1707 breve
669 1678 729 1714 fuit,
744 1677 792 1706 sed
804 1684 830 1706 et
842 1677 932 1717 ipsum

190 1728 367 1757 sabbatinum.
375 1727 446 1756 Nam
460 1731 568 1764 septem
578 1730 717 1764 tempora,
725 1723 824 1762 inquit,
836 1731 931 1754 muta·

192 1776 301 1804 huntur
315 1785 322 1801 ε
335 1772 364 1802 id
378 1779 429 1809 cst,
448 1778 501 1800 tres
520 1771 584 1800 a'nni
604 1781 667 1800 cum
688 1769 814 1799 dimidio.
829 1771 877 1800 51.
891 1771 932 1800 Et

189 1828 253 1861 post
254 1821 351 1860 finem
361 1817 473 1848 dierum
483 1828 547 1855 ego,
557 1817 655 1856 inquit,
663 1817 937 1846 Nabuchodonosor

192 1868 291 1896 oculos
303 1875 379 1895 meos
395 1866 426 1894 in
438 1865 542 1894 coelum
556 1863 662 1899 levavi,
673 1869 700 1891 el
714 1873 796 1891 mens
810 1873 876 1892 mea
888 1871 936 1892 re-

194 1924 276 1944 versa
298 1919 340 1942 est
357 1913 398 1941 ad
419 1921 475 1949 me,
489 1917 518 1940 et
542 1909 730 1940 Altissimum
751 1910 898 1948 benedixi,
909 1916 937 1939 et

227 2014 238 2026 ²
256 2007 343 2041 Καρδία
362 2008 439 2038 θηρίον
458 2006 522 2032 ἐδόθη
540 2005 611 2035 αὐτῷ.
628 2002 689 2027 Haec
708 2002 735 2026 in
752 2002 884 2034 Scriptura
902 2010 953 2028 non

192 2046 327 2077 habentur,
337 2043 381 2069 sed
391 2043 440 2067 huc
452 2041 570 2067 traducta
581 2047 640 2067 sunt
652 2050 683 2066 ex
694 2049 767 2068 versu
780 2042 820 2066 ⁴3.

226 2086 240 2105 1³
258 2089 313 2119 Τρία
324 2088 392 2117 ἥμισυ
404 2086 454 2112 ἔτη.
465 2083 522 2107 Imo
531 2086 627 2114 septem
636 2082 705 2106 anni.
719 2082 807 2106 Potior
816 2080 884 2106 enim
896 2090 954 2107 seu-

194 2124 271 2148 tentia
284 2120 396 2155 Josephi,
408 2120 568 2151 Tertulliani,
584 2120 743 2154 Hieronymi,
759 2119 854 2146 Severi.
875 2120 955 2146 Valde

193 2163 271 2187 miror
277 2160 484 2190 deTlieodoreto,
491 2161 597 2193 quicum
603 2160 668 2184 Dan.
676 2161 701 2192 7,
711 2160 752 2192 25,
759 2165 784 2185 et
793 2161 957 2196 l2,7‚xaipob;

194 2203 467 2234 annonam-pretatur,
476 2200 516 2225 hic
524 2199 710 2233 Chrysostomo
715 2199 792 2226 favet.
803 2201 836 2226 In
845 2199 956 2225 Pseudo-

194 2241 330 2275 Epiphanii
342 2240 408 2266 libro
420 2239 453 2265 de
463 2238 610 2272 Prophetis:
623 2243 654 2265 τὰ
665 2241 723 2266 ἑπτὰ
734 2243 784 2270 ἔτη,
797 2243 814 2266 ἃ
825 2242 885 2267 εἷπεν
895 2242 956 2274 αὐτῷ

192 2284 273 2312 Δανιὴλ
285 2283 345 2308 tm&
356 2281 456 2315 καιροὺς,
468 2282 568 2308 ἐποίησεν
577 2281 679 2311 γενέσθαι
689 2280 748 2305 ἑπτὰ
761 2284 842 2311 μῆνας,
854 2281 956 2311 δεόμενος

191 2325 244 2356 περὶ
255 2323 324 2348 αὐτοῦ
335 2323 391 2355 πρὸς
401 2321 490 2353 Κύριον
502 2322 532 2344 Τὸ
544 2324 667 2353 μυστήριον
677 2323 723 2343 τῶν
734 2320 794 2345 ἑπτὰ
809 2324 894 2361 καιρῶν
905 2322 955 2345 Ere-

193 2365 260 2391 λέσθη
278 2363 314 2388 ἐπ’
333 2362 410 2390 αὐτὸν,
425 2362 461 2385 ὅτι
479 2361 661 2386 ἀποκατέστησεν
679 2359 740 2383 ἑπτὰ
756 2361 859 2390 μεσίτης
870 2353 904 2388 ἓξ
917 2357 955 2384 οὖν

192 2404 232 2430 ἔτη
242 2403 280 2426 καὶ
293 2402 318 2430 ἓξ
326 2404 398 2432 μῆνας
407 2399 528 2424 ὑπέπιπτεν
539 2399 613 2430 Κυρίῳ
624 2402 657 2429 τῷ
668 2401 728 2429 Θεῷ,
742 2400 779 2422 και
791 2399 954 2430 ἐξωμολογεῖτο

192 2444 234 2469 τὴν
245 2441 347 2465 ἀσέὸειαν
361 2439 438 2463 αὐτου·
452 2438 489 2461 καὶ
497 2438 559 2468 μετὰ
570 2439 612 2464 τὴν
624 2438 702 2468 ἄφεσιν
718 2440 759 2463 τῆς
770 2439 865 2467 ἀνομίας
875 2438 952 2468 αὐτοῦ,

192 2484 235 2505 ἀπ
228 2481 293 2503 'Bam-
295 2490 305 2502 ν
322 2480 383 2510 αὐτῷ
395 2479 407 2502 ὁ
419 2479 474 2504 Θεὸς
489 2479 530 2504 τὴν
548 2476 674 2508 βασιλείαν.
688 2473 750 2504 Quae
766 2474 952 2498 mendaciorum

192 2518 365 2552 loquacissimi
376 2514 507 2548 scriptoris
517 2511 593 2539 verba
603 2521 632 2538 eo
642 2512 747 2545 protuli,
760 2518 788 2537 ut
801 2512 895 2544 locum,
905 2514 951 2538 Pe-

192 2558 250 2582 tavii
262 2556 357 2590 judicio
369 2559 525 2586 corruptum,
537 2551 706 2577 emendarem.
717 2551 777 2577 Sic
772 2558 951 2585 interpretatur

191 2598 228 2623 tir
241 2596 338 2630 ingenio
352 2600 377 2620 et
388 2593 504 2620 doctrina
516 2592 749 2626 praestantissimus:
763 2592 848 2626 Igitur
858 2598 950 2625 septem

977 342 1111 382 βασιλείας
1123 344 1176 372 τῶν
1190 342 1345 382 ἀνθρώπων.
1361 341 1444 381 Ὁρᾷς
1454 341 1511 374 πῶς
1531 339 1618 369 πάντα
1631 340 1669 379 τῷ
1681 339 1746 377 Θεῷ

973 395 1086 434 δυνατά5
1109 395 1155 424 καὶ
1173 395 1200 430 ἐξ
1219 394 1362 435 ἀνθρώπων
1376 394 1455 434 θηρία
1472 395 1600 429 ποιῆσαι,
1625 390 1670 421 καὶ
1685 390 1745 420 διά-

971 459 1043 477 νοιαν
1061 447 1234 486 μεταὸαλεῖν;
1258 446 1361 477 Ἐννόει
1374 446 1434 476 ὅσον
1451 441 1483 482 ἦν
1496 446 1559 485 ὁρᾷν
1582 444 1628 473 τὸν
1649 444 1677 473 ἐν
1698 453 1747 471 το-

973 500 1056 539 σαύτῃ
1071 499 1122 540 πρὸ
1136 499 1228 529 τούτου
1242 498 1413 539 λαμπρότητι
1427 497 1495 537 μετὰ
1505 498 1558 526 τῶν
1569 495 1666 536 θηρίων
1679 496 1747 524 διαι-

973 552 1090 591 τώμενον
1099 574 1107 589 ,
1120 550 1230 591 γυμνόν.
1244 552 1285 581 Οὖ
1299 550 1350 591 γὰρ
1361 550 1394 586 δὴ
1405 550 1454 587 τὴν
1469 548 1573 589 μορφὴν
1584 547 1729 587 μετέὸαλεν
1738 567 1747 581 ,

974 605 1031 634 ἐπεὶ
1045 604 1118 634 οὐδὲν
1131 600 1163 641 ἧν
1178 603 1297 645 φρικτόν.
1313 603 1353 633 Τὸ
1373 603 1401 632 δὲ
1421 602 1513 643 θηρίου
1524 601 1635 642 καρδίαν
1655 599 1748 630 λαθεῖν

974 658 1003 686 οὗ
1018 656 1095 686 τοῦτό
1107 668 1189 697 φησι,
1214 656 1255 686 ὅτι
1271 655 1407 692 ἐξεστήκει
1419 656 1467 690 τῆς
1480 654 1612 695 διανοίας,
1631 654 1690 683 ἀλλ’
1707 652 1748 682 ὅτι

975 709 1141 750 ἀνθρωπίνην
1159 710 1228 749 ἔχων
1242 708 1330 749 ψυχὴν
1345 707 1474 748 ᾐσθάνετο
1493 708 1545 736 τῶν
1570 705 1747 746 πραγμάτων.

975 764 1035 793 Οὐκ
1045 762 1092 798 ἂν,
1113 764 1137 792 εἰ
1149 761 1300 801 μετεὸλήθη
1314 762 1350 794 εἷς
1364 760 1454 801 θηρίον
1466 781 1475 796 ,
1494 759 1561 799 ἔγνω
1578 758 1613 788 τὰ
1630 757 1748 796 συμὸαί-

975 826 1063 844 νοντα.
1087 814 1124 844 Τί
1143 810 1188 844 οὖν
1213 815 1286 851 ἐστι,
1305 812 1430 854 ’Καρδία
1454 811 1544 852 θηρίου
1559 810 1636 847 ἐδόθη
1661 811 1750 850 αὗτῷ;

976 867 1143 908 Ἐξηγριώθη
1170 866 1304 896 τουτέστιν
1315 889 1323 902 ,
1346 866 1405 896 οὐδὲ
1419 865 1543 895 ἐδούλετο
1564 863 1632 904 μετὰ
1645 862 1749 903 ἀνθρώ-

976 931 1034 948 πων
1057 914 1138 955 εἶναι,
1153 918 1170 955 ἢ
1184 918 1230 949 καὶ
1242 917 1366 948 ἐδεδοίκει
1386 917 1454 957 μετὰ
1467 916 1613 957 ἀνθρώπων
1627 910 1710 951 εἶναι,
1732 915 1751 951 ἢ

977 971 1037 1005 τοὺς
1059 971 1210 1011 ἀνθρώπως
1234 971 1353 1011 καθάπερ
1371 970 1405 1000 τὰ
1429 969 1518 1010 θηρία.
1541 969 1578 999 Τί
1599 968 1694 1008 γένοιτ’
1720 968 1751 997 ἂν

978 1023 1139 1063 ὑψηλότερον
1150 1023 1264 1060 ἐκείνου;
1278 1023 1305 1052 τί
1321 1022 1506 1063 ταπεινότερον
1519 1022 1598 1051 αὐτοῦ
1608 1033 1619 1060 ;
1631 1021 1685 1051 Καὶ
1696 1020 1751 1055 ἐξε-

980 1076 1079 1116 διιέιχθη
1109 1076 1162 1106 ἀπὸ
1183 1076 1336 1115 ἀνθράητων.
1349 1076 1477 1115 Οὖδαμοῦ
1500 1077 1518 1112 ἡ
1539 1074 1648 1114 δύναμις
1671 1075 1752 1103 αὐτοῦ

980 1129 1107 1170 προέστη.
1130 1130 1189 1159 Οὐκ
1205 1125 1238 1166 ἦν
1258 1127 1424 1169 σαρκοφάγον
1439 1127 1546 1168 θηρίον,
1575 1126 1644 1157 ἀλλὰ
1656 1127 1753 1167 χόρτον

980 1182 1087 1218 ἤσθιεν,
1113 1182 1158 1211 καὶ
1181 1177 1215 1218 ἦν
1236 1181 1315 1212 εἰκὼν
1331 1184 1377 1211 τοῦ
1392 1181 1498 1221 ἀλόγου.
1514 1180 1574 1210 Ἵνα
1587 1179 1731 1219 πιστεύσῃς
1743 1201 1752 1215 ,

980 1235 1058 1274 φησίν
1068 1247 1075 1254 ·
1089 1236 1125 1268 ὡς
1137 1234 1183 1264 ἐπὶ
1197 1235 1297 1271 συνήθη
1311 1234 1410 1275 τροφὴν
1421 1233 1487 1268 ἕξεις
1497 1233 1541 1263 τὸν
1555 1233 1661 1274 χόρτον.
1689 1233 1753 1265 Πῶς

980 1287 1058 1317 αὐτὸν
1071 1288 1100 1317 οὔ
1123 1287 1256 1328 κατέφαγε
1267 1287 1301 1316 τὰ
1315 1287 1412 1327 θηρία;
1436 1288 1494 1320 πῶς
1514 1285 1608 1326 ἴσχυσε
1624 1285 1655 1315 τὸ
1665 1275 1753 1324 'effipia

980 1339 1078 1379 πέψαι;
1093 1341 1151 1373 πῶς
1161 1341 1190 1369 οὔ
1204 1339 1345 1379 διεφθάρη;
1359 1340 1400 1368 Οὔ
1412 1339 1464 1380 γὰρ
1482 1338 1569 1378 ὀλίγος
1579 1339 1594 1367 ὁ
1607 1337 1700 1378 χρόνος
1712 1332 1753 1373 ἦν·

981 1393 1101 1433 περιῄει,
1111 1397 1192 1422 πᾶσιν
1205 1392 1353 1432 ὑπόδειγμα
1366 1391 1604 1432 ταπεινοφροσύνης
1613 1413 1620 1427 ,
1632 1391 1756 1429 ἐν’ἑαυτῷ

948 1451 967 1475 C
983 1446 1016 1476 τὰ
1029 1446 1201 1486 γνωρίσματα
1215 1447 1299 1486 φέρων
1316 1448 1365 1482 τῆς
1381 1445 1527 1483 κολάσεως,
1554 1444 1674 1483 καθάπερ
1695 1455 1756 1472 στι-

983 1499 1108 1539 γματίας.
1123 1500 1178 1529 Καὶ
1190 1499 1242 1538 μὴν
1256 1499 1359 1539 βέλτιον
1369 1495 1415 1536 ἦν,
1427 1498 1491 1532 ἴσως
1504 1497 1574 1527 εἴποι
1585 1509 1625 1531 τις
1633 1496 1675 1533 ἂν,
1688 1495 1757 1535 μετὰ

985 1552 1129 1593 ἀνθρώπων
1141 1552 1218 1582 αὐτὸν
1234 1547 1301 1582 εἶναι
1309 1574 1317 1588 ,
1335 1551 1381 1582 καὶ
1393 1554 1471 1581 τοῦτο
1483 1553 1576 1580 παθεῖν
1586 1561 1593 1568 ·
1613 1549 1672 1579 ἀλλ’
1686 1547 1756 1577 ὥστε

986 1606 1141 1641 ἐπιταθῆναι
1154 1605 1187 1634 τὰ
1198 1607 1246 1641 τῆς
1258 1605 1386 1645 τιμωρίας
1397 1606 1469 1644 αὐτῷ
1477 1625 1485 1639 ,
1494 1606 1572 1633 τοῦτο
1591 1602 1707 1642 γέγονεν.
1722 1600 1758 1630 ‘0

984 1657 1035 1697 γὰρ
1051 1656 1230 1698 σωφρονισμὸς
1243 1657 1340 1696 ὁμοίως
1353 1657 1442 1697 ἔμενε,
1456 1656 1562 1686 πάντων
1576 1653 1756 1694 ἀπαγγελλόν-

985 1721 1038 1739 των
1051 1709 1086 1739 r&
1108 1712 1167 1739 κατ’
1183 1708 1260 1739 αὐτὸν
1272 1732 1281 1747 ,
1304 1709 1349 1739 καὶ
1369 1709 1432 1742 ἴσως
1445 1710 1531 1739 αὖτῶν
1550 1706 1688 1746 θεωμένων
1699 1705 1758 1740 ἔξω·
1784 1697 1787 1701 ⁸

986 1761 1063 1788 τοῦτο
1074 1758 1102 1788 δὲ
1113 1759 1175 1788 ἰδεῖν
1190 1759 1282 1798 πολλῷ
1294 1757 1472 1798 φοὸερώτερον
1484 1752 1588 1793 ἧν.Καὶ
1598 1755 1657 1785 οὐδὲ
1668 1756 1683 1784 ὁ
1695 1754 1758 1794 χρό-

987 1821 1030 1842 νος
1042 1809 1128 1849 ὀλίγος
1141 1805 1183 1845 ἦν,
1194 1808 1263 1838 ἀλλὰ
1277 1809 1322 1839 καὶ
1333 1808 1410 1842 αὐτὸς
1423 1806 1591 1840 σαὸὅατικός.
1605 1806 1694 1836 Ἑπτὰ
1707 1804 1760 1845 γὰρ

1438 1857 1520 1899 ι’τρία
1533 1858 1617 1897 ἥμισυ
1631 1858 1688 1893 ἔτη.
1707 1856 1760 1886 Καὶ

990 1910 1058 1949 μετὰ
1071 1910 1101 1940 τὸ
1112 1910 1186 1944 τέλος
1200 1912 1253 1939 τῶν
1266 1910 1387 1950 ἡμερῶν,
1402 1909 1471 1949 ἐγὼ,
1484 1908 1549 1949 φησὶ
1560 1931 1568 1945 ‚
1588 1908 1760 1948 Ναὸουχοδο-

987 1860 1091 1900 καιροὶ,
1105 1860 1169 1900 φησὶ
1179 1882 1187 1896 ,
1205 1859 1417 1899 ἀλλαγήσονται·

1003 2004 1076 2033 αηηὶ,
1099 2012 1157 2036 quae
1170 2009 1279 2036 tempora
1293 2008 1385 2036 septem
1397 2012 1414 2027 a
1426 2002 1538 2027 Daniele
1550 2007 1680 2032 vocantur,
1694 2006 1721 2025 ut
1735 2002 1761 2024 in

1003 2042 1104 2067 totidem
1113 2048 1238 2067 menstrua
1249 2043 1336 2076 spatia
1347 2041 1560 2072 contrahes-eamr,
1575 2040 1691 2074 precibus
1708 2042 1761 2065 suis

1003 2081 1118 2107 obtinuit.
1125 2081 1226 2114 Septem
1235 2089 1293 2114 ergo
1300 2086 1434 2114 temporum
1443 2081 1588 2114 mysterium
1600 2081 1626 2104 in
1637 2079 1684 2104 illo
1695 2088 1761 2104 evm-

1002 2120 1099 2154 pktum
1121 2125 1167 2150 est,
1190 2120 1260 2153 quod
1273 2120 1397 2144 mediator
1409 2125 1504 2153 septem
1520 2119 1635 2144 restituit.
1653 2119 1698 2143 Ita
1714 2128 1761 2143 sex

1004 2168 1085 2184 annos
1093 2159 1242 2193 totidemque
1253 2168 1349 2184 menses
1358 2159 1415 2184 Deo
1425 2159 1582 2193 supplicans,
1593 2158 1676 2183 scelus
1690 2167 1762 2183 suum

1005 2197 1134 2231 confessus
1150 2204 1195 2224 est.
1214 2198 1316 2224 Deinde
1330 2207 1450 2223 concessa
1472 2198 1560 2223 delicti
1576 2199 1665 2231 venia,
1678 2199 1704 2222 in
1720 2206 1762 2222 re-

1004 2246 1081 2272 gnum
1093 2247 1110 2263 a
1121 2237 1179 2262 Deo
1192 2239 1320 2262 restitutus
1338 2243 1384 2263 est.
1401 2238 1455 2271 Ego
1475 2236 1523 2270 legi
1541 2236 1633 2262 debere
1651 2236 1762 2262 arbitror

1004 2281 1148 2306 ἀποκατέστη
1160 2281 1182 2303 ἐν
1189 2280 1249 2304 ἑπτὰ
1259 2280 1328 2309 μησίε
1342 2282 1368 2302 et
1376 2281 1463 2309 postea
1473 2279 1499 2307 ἓξ
1506 2279 1546 2306 ἔτη
1555 2280 1593 2302 καὶ
1601 2279 1669 2304 πέντε
1678 2282 1761 2310 μῆνας.

1003 2317 1192 2342 Coi-rectionem
1210 2316 1344 2341 confirmat
1366 2315 1509 2341 Dorotheus
1525 2316 1552 2340 in
1569 2315 1687 2350 Synopsi.
1705 2315 1762 2340 Da-

1003 2356 1056 2382 niel
1065 2357 1148 2390 igitur,
1161 2355 1251 2388 inquit,
1261 2354 1392 2389 precando
1403 2354 1441 2379 ad
1449 2354 1612 2379 Altis-timum
1629 2353 1725 2388 effecit,
1736 2359 1763 2378 ut

1002 2401 1094 2429 septem
1105 2396 1169 2420 anni
1179 2402 1242 2428 quos
1252 2400 1344 2428 sep1em
1357 2399 1467 2428 tempora
1477 2399 1623 2424 vocaverat,
1635 2398 1763 2418 mutamu-

1003 2436 1078 2459 turin
1087 2440 1179 2468 septem
1190 2442 1294 2464 menses,
1301 2438 1324 2457 et
1334 2434 1478 2466 mysterium
1490 2437 1583 2466 septem
1592 2437 1724 2465 temporum
1737 2433 1764 2456 in

1003 2474 1048 2498 illo
1063 2478 1283 2498 consummetur.
1296 2472 1397 2506 Septem
1417 2480 1528 2506 namque
1543 2471 1663 2496 mensium
1680 2472 1764 2504 spatio

1000 2513 1050 2537 sihi
1072 2515 1121 2546 ipsi
1138 2514 1272 2543 restitutus,
1288 2521 1334 2537 sex
1352 2521 1434 2537 annos
1449 2513 1495 2546 qui
1513 2510 1726 2536 desiderabantur
1739 2517 1763 2535 et

1000 2561 1096 2576 menses
1103 2554 1215 2586 quinque
1223 2554 1306 2577 coram
1315 2551 1426 2577 Domino
1433 2555 1573 2585 prostratus
1573 2550 1641 2584 ficit,
1648 2551 1763 2584 impieta-

1001 2597 1047 2616 tem
1062 2600 1133 2616 suam
1144 2597 1167 2618 et
1180 2600 1275 2618 omnem
1292 2591 1449 2625 iniquitatem
1465 2589 1603 2624 confessus,
1613 2595 1662 2615 etc.
