1890 2826
513 196 546 218 IN
573 196 701 219 mmm:
721 196 811 219 PONE
836 195 958 219 MANUM
983 196 1088 230 TUAM,
1116 198 1239 222 SERMO.

97 258 172 293 ὅδος,
183 255 263 296 φησὶν
275 255 386 288 Ἡσαΐας
395 277 403 291 ,
417 255 449 284 ἐκ
461 256 508 290 τῆς
522 254 595 295 ῥίζης
605 255 717 291 Ἰεσσαὶ,
731 255 777 285 καὶ
791 256 867 288 ἄνθος

97 296 125 330 ἐξ
147 297 228 330 effi<
246 294 423 331 ἆναὸήσεται,
440 294 486 324 καὶ
500 294 715 324 ἐπαναπαύσεται
729 296 771 324 ἐπ’
788 295 866 324 αὐτὸν

96 336 208 374 Πνεῦμα
219 335 299 364 Θεοῦ.
316 335 416 368 Ποῖον;
430 333 470 362 Τὸ
480 334 626 374 πολυμερὲς
640 338 697 367 ταῖς
710 334 866 374 ἐνεργείαις,

96 374 142 403 καὶ
155 373 223 403 πολὺ
243 376 276 413 τῇ
300 373 386 413 φύσει.
400 373 636 403 Ἐπαναπαύσεται
653 375 770 412 >Πνεῦμα
783 375 865 404 Θεοῦ.

95 412 228 443 Ἐνταῦθα
238 413 286 449 τὴν
298 412 387 442 οὐσίαν
401 412 551 452 ἑρμηνεύει,
573 413 637 442 αὐτὸ
650 412 683 442 τὸ
699 415 811 452 Πνεῦμα
834 412 866 442 τὸ

133 464 185 482 ιον·
198 452 229 482 τὸ
241 451 270 481 δὲ
281 452 442 491 ἐπαγόμενον
455 451 502 485 τὰς
516 452 644 492 ἐνεργείας
653 455 699 481 τοῦ
711 453 866 491 Πνεύματος

95 493 182 531 λεγει·
202 492 314 530 Πνεῦμα
327 493 399 521 Θεοῦ
408 515 417 528 ,
430 492 542 530 Πνεῦμα
556 491 648 532 σοφίας
659 492 705 521 καὶ
718 492 845 525 συνέσεως
855 514 863 526 ,

96 532 208 570 Πνεῦμα
222 532 318 571 βουλῆς
330 531 375 560 καὶ
388 529 478 571 ἰσχύος
489 553 496 567 ,
512 532 624 570 Πνεῦμα
635 530 757 570 γνώσεως
767 532 812 561 καὶ
822 533 865 561 εὐ-

96 567 213 605 σεὸείας,
235 572 347 609 Πνεῦμα
357 571 438 611 φόδου
451 571 522 600 Θεοῦ
531 583 538 589 ·
551 571 599 604 τὰς
613 569 681 600 ἑπτὰ
693 571 806 611 χάριτας
817 573 864 600 τοῦ

96 610 170 649 ἁγίου
185 610 353 649 Πνεύματος,
372 610 419 644 τὰς
439 610 507 639 ἑτι-τὰ
528 610 748 649 ἄναπαυσαμένας
759 613 797 650 τῷ
807 611 864 640 σώ-

96 661 162 687 ματι
172 652 210 690 τῷ
224 650 388 690 δεσποτικῷ,
401 652 489 680 ἐκεῖνα
502 649 660 689 σχηματίζει
670 651 697 679 ἐν
708 649 786 690 τύπῳ
796 650 864 680 ἑπτὰ

95 687 208 728 λύχνων.

133 887 186 917 Διὰ
198 888 225 918 τί
237 888 265 918 δὲ
277 889 344 918 ἑπτὰ
357 889 462 939 λύχνος
477 888 529 918 Διὰ
542 888 573 917 τὸ
593 888 716 930 φωτεινὸν
729 889 777 924 τῆς
792 889 862 929 ἔνερ-

917 253 1023 286 inducit
1021 264 1145 325 apropter
1158 259 1292 289 carnalem
1301 259 1412 293 Domini
1424 259 1659 300 dispensationem.

917 295 1018 324 Candel
1055 307 1117 326 rum
1131 298 1202 326 enim
1216 309 1278 328 vere
1292 306 1347 328 erat
1361 310 1422 329 caro
1436 299 1587 338 dominica,
1602 311 1663 339 qnae

917 334 1036 374 Spiritus
1062 337 1146 365 sancti
1171 337 1381 367 illuminationes
1394 339 1563 379 septemplici
1577 340 1661 379 gratia

917 373 1081 403 ostendebat.
1094 376 1164 405 Nam
1174 378 1212 405 ait
1222 377 1304 406 Isaias
1318 389 1324 406 ε
1338 379 1515 418 Egredielur
1526 381 1613 418 virga
1625 380 1662 408 de
1671 389 1729 413 lsai.
1742 395 1779 414 ῃ,
1792 397 1814 414 ι,

917 414 1015 442 radice
1027 415 1119 450 Jesse,
1134 422 1163 444 et
1170 416 1234 457 flos
1253 417 1290 445 de
1312 418 1409 446 radice
1431 419 1493 447 e‘us
1507 418 1659 452 ascendet..
1673 427 1698 444 2·

917 458 946 480 et
954 455 1113 491 requiescet
1124 465 1210 495 super
1218 466 1284 484 eum
1294 456 1417 494 Spiritus
1428 429 1497 486 liei.
1507 457 1661 494 Quisnam?

915 491 965 520 Ille
979 492 1124 532 multiplex
1142 494 1342 534 operationibus
1353 518 1360 530 ‚
1375 503 1401 525 et
1420 503 1515 525 natura
1536 507 1660 536 magnus.

915 531 1086 571 Requiescet
1099 532 1222 572 Spiritus
1231 534 1300 563 Dei.
1312 535 1363 564 Hic
1372 535 1547 564 substantiam
1561 536 1662 566 intelli-

915 570 970 614 git,
984 570 1075 610 ipsum
1088 572 1223 611 Spiritum
1243 579 1364 602 sanctum
1372 585 1381 612 3
1396 574 1471 613 quod
1491 582 1580 604 autem
1594 576 1661 605 sub-

910 609 1048 648 jungitur,
1061 612 1226 650 operationes
1249 613 1368 652 Spiritus
1381 613 1499 642 declarat
1516 626 1523 642 :
1537 614 1662 653 Spiritus

914 649 982 685 Dei,
1000 649 1123 688 Spiritus
1137 653 1287 690 sapientioe
1301 659 1330 681 et
1347 653 1525 689 intellectus,
1537 654 1661 693 Spiritus

914 688 1028 718 consilii
1040 696 1069 718 et
1073 690 1275 729 fortitudinis,
1285 691 1409 731 Spiritus
1422 693 1551 722 scientim
1561 700 1590 722 et
1598 696 1660 733 pie-
1670 705 1731 727 Ihm.
1740 713 1761 727 v.
1768 706 1792 729 3.

913 729 992 765 tatis,
1000 728 1123 768 Spiritus
1135 732 1246 760 timoris
1260 731 1318 760 Dei
1330 743 1338 760 .·
1352 738 1452 770 septem
1464 732 1562 771 gratias
1575 733 1661 773 Spiri-

911 773 956 797 tus
968 769 1063 805 sancti,
1077 776 1177 809 septem
1194 770 1254 800 illas
1274 781 1333 809 quae
1356 771 1384 799 in
1399 770 1535 800 dominico
1547 782 1660 811 corpore

912 807 1121 853 requieverpnt5
1137 809 1186 839 illa
1210 820 1258 849 per
1283 810 1399 850 figuram
1417 817 1518 851 septem
1531 810 1659 842 lucerna-

912 857 973 875 rum
987 848 1126 887 exprimit.
1285 861 1288 863 ’

950 888 981 916 2.
1004 888 1061 917 Cur
1082 894 1183 927 septem
1206 888 1342 918 lucernae?
1356 891 1470 929 Propter
1486 900 1501 918 s
1519 888 1657 920 lendorem

93 926 165 965 γείας
178 931 223 958 τοῦ
238 928 311 967 ἁγίου
323 930 486 967 Πνευματος.
505 928 640 958 Ἐντεῦθεν
655 929 756 962 ὓποὸάς
767 940 861 968 φησιν·
877 934 896 958 C
912 926 1072 965 operationis
1093 928 1176 956 sancti
1190 928 1318 967 Spiritus.
1336 928 1416 959 Unde
1429 929 1481 958 sub
1515 940 1552 958 aec
1565 929 1632 959 dicit
1646 942 1654 959 =

93 962 176 996 Οὗτοί
195 969 260 997 εἰσιν
271 969 295 997 οἱ
306 968 374 997 ἑπτὰ
383 967 512 1008 ὀφθαλμοὶ
533 968 631 1008 Κυρίου
640 989 648 1003 ,
661 969 704 996 'ot
717 967 863 998 ἐκὸλέπον·

92 1016 135 1039 τες
146 1006 190 1035 ἐπὶ
203 1012 290 1036 πᾶσαν
304 1007 353 1043 τὴν
365 1009 425 1046 γῆν.
438 1007 521 1047 “Ορᾷς
535 1008 617 1043 αὐτὴν
629 1008 686 1036 καθ’
701 1008 796 1043 ἑαυτὴν
812 1020 862 1037 σα-

91 1045 247 1083 φηνίζουσαν
260 1046 457 1083 τὴνάλήθειαν,
472 1047 517 1075 καὶ
539 1048 568 1076 οὗ
591 1046 717 1085 δεομένην
727 1047 861 1085 λογισμῶν

92 1085 260 1124 ἀνθρωπίνων
266 1099 274 1123 ;
280 1085 350 1115 Ἀλλ’
357 1086 431 1115 αὐτοὶ
438 1086 628 1126 Παρεστῆκασι
635 1088 673 1126 τῷ
680 1085 770 1126 Κυρίῳ
775 1086 862 1122 πάσης

90 1126 137 1159 τῆς
146 1126 205 1163 γῆς.
215 1125 250 1155 Ὁ
257 1127 297 1155 Ζα
318 1125 393 1164 αρίας
402 1125 498 1164 Κύριον
509 1127 584 1154 καλεῖ
593 1124 637 1154 τὸν
647 1126 762 1165 Μρα
774 1125 861 1162 πάσης

92 1165 138 1198 τῆς
149 1166 197 1202 γῆς
205 1163 274 1193 κατὰ
321 1176 335 1192 ν
348 1164 473 1203 ἔνσαρκον
482 1164 642 1202 οἰκονομίαν.
654 1164 755 1204 Πέτρος
770 1166 860 1194 διαλε-

91 1202 199 1240 γόμενος
211 1203 363 1243 Κορνηλίῳ,
376 1206 393 1239 ἡ
406 1203 507 1243 κορυφὴ
520 1206 572 1233 τῶν
588 1203 754 1238 ἀποστόλων,
768 1204 839 1243 λέγει
851 1217 858 1223 ·

88 1241 184 1279 Ἡμεῖς
192 1242 298 1280 οἴδαμεν
308 1242 338 1271 τὸ
345 1244 455 1282 ῥῆμασὸ
479 1242 599 1281 ενόμενον
609 1243 653 1271 ἐπὶ
664 1245 712 1278 τῆς
719 1243 857 1280 Ἰουδαίας,

86 1280 189 1316 Ἰησοῦν
200 1282 244 1311 τὸν
255 1281 308 1311 ἀπὸ
316 1281 448 1321 Ναζαρὲτ,
457 1255 485 1311 ἐκ
499 1282 604 1322 ἔχρισεν
615 1284 629 1311 ὁ
639 1281 707 1315 Θεὸς
718 1283 857 1321 Πνεύματι

85 1319 163 1359 ἁγίῳ.
186 1321 238 1350 Καὶ
253 1321 333 1350 πάλιν
347 1324 361 1351 ὁ
375 1321 464 1354 αὐτός·
479 1322 520 1350 Τὸ
532 1323 607 1371 ῥῆμα
619 1320 650 1350 τὸ
669 1321 807 1360 γενόμενον
827 1323 854 1351 ἐν

84 1357 133 1397 ὅλῃ
156 1361 190 1398 τῇ
209 1359 340 1399 Ἰουδαίᾳ,
355 1360 418 1396 καὶ,
434 1360 487 1390 Τὸν
508 1361 600 1400 λογον,
620 1360 649 1389 ὃν
670 1360 823 1390 ἀπέστειλεν
841 1364 855 1392 ὁ

85 1398 170 1435 Θεὸς,
185 1399 413 1438 εὐαγγελιζόμενος
434 1400 540 1440 εἰρήνην
561 1404 614 1432 τοῖς
640 1400 705 1434 υἱοῖς
727 1401 836 1440 Ἰσραήλ
847 1412 854 1420 ·

84 1433 159 1471 οὗτός
185 1440 241 1468 ἐστι
255 1438 360 1468 πάντων
381 1438 485 1478 Κύριος.
499 1439 534 1469 Ὁ
546 1439 684 1479 προφήτης
700 1439 796 1479 Κύριον
807 1442 855 1475 τῆς

84 1479 146 1515 γῗς,
154 1480 169 1507 ὁ
180 1478 367 1517 εὖαγγελιστὴς
380 1479 481 1518 Πέτρος
491 1478 586 1519 Κύριον
594 1478 666 1517 λέγει
676 1480 729 1507 τῶν
738 1478 852 1508 πάντων·

84 1501 170 1550 Οἵτός
183 1518 242 1546 ἔστι
253 1517 359 1546 πάντων
373 1517 469 1557 Κύριος
480 1539 488 1553 ,
509 1518 628 1552 πάντων,
649 1517 695 1566 καλ
709 1520 761 1547 τῶν
772 1519 799 1547 ἐν
812 1519 855 1548 οὗ·

85 1556 854 1634 ‚⁶1:³25ss*mnerzr‘eszhgezsseoffiuz

86 1633 191 1662 πάντων
203 1635 308 1673 Κυριος.
317 1634 397 1664 ’Όθεν
411 1634 456 1663 καὶ
464 1634 567 1674 συνῳδὰ
580 1634 720 1674 φθέγγεται
731 1634 856 1670 Ἰωάννης

86 1672 184 1711 λέγων·
208 1672 242 1702 Ὁ
260 1673 356 1702 ἄνωθεν
376 1673 530 1713 ἐρχόμενος,
552 1673 640 1703 ἐπάνω
655 1673 761 1702 πάντων
775 1674 855 1704 ἐστίν.

88 1714 239 1751 Ἀναγκαῖον
258 1712 286 1741 δὲ
297 1714 408 1748 ζητῆσαι
422 1712 597 1750 ἄκριὸὤς,καὶ
613 1714 691 1742 λῦσαι
713 1712 760 1748 τὴν
781 1714 856 1753 αἱρε-

87 1750 163 1787 τικὴν
183 1752 357 1791 ζυγομαχίαν·
379 1752 470 1788 ἐπειδὴ
493 1754 526 1791 τῇ
547 1751 616 1786 λέξει
637 1754 670 1791 τῇ
692 1753 854 1789 ἀποστολικῆ

87 1792 176 1823 κακῶς
189 1790 427 1827 ἀκολουθήσαντες,
443 1793 471 1820 οὔ
486 1791 626 1827 νοήσαντες
639 1791 753 1825 εὗσεόὦς
763 1813 770 1826 ,
787 1786 855 1822 ἄλλα

87 1830 324 1870 παραγραψάμενοι
338 1830 470 1864 δυσσεὸῶς
483 1832 511 1860 αἱ
529 1832 621 1860 ετικῶν
635 1831 726 1863 παῖδες
742 1831 854 1867 οἴονται,

40 1882 42 1884 ’
87 1868 130 1897 ὅτι
141 1870 233 1907 μισθὸν
254 1872 300 1898 τοῦ
321 1873 441 1909 σταυροῦ
459 1842 538 1899 naga
551 1870 582 1899 τὸ
597 1869 716 1909 γενέσθαι
734 1870 856 1910 ὑπεράνω

87 1908 206 1945 πάντων,
229 1909 274 1938 καὶ
296 1909 339 1938 διὰ
362 1908 392 1938 τὸ
413 1913 519 1946 παθεῖν,
540 1909 585 1939 καὶ
610 1909 653 1938 διὰ
667 1909 697 1938 τὸ
718 1911 856 1948 ὓπομεῖναι

88 1948 214 1987 σταυρὸν,
229 1950 243 1978 ὃ
256 1947 324 1982 Θεὸς
342 1949 419 1978 αὐτὸν
434 1948 614 1989 ὑπερύψωσεν.
628 1949 810 1989 Ἀκολουθοῦσι
823 1952 856 1985 τῆ

93 1989 165 2027 φακῇ
177 1990 222 2017 τοῦ
232 1987 378 2017 ἀποστόλου
386 2009 394 2023 ,
409 1987 446 2027 μὴ
458 1989 597 2024 νοήσαντες
611 1987 658 2024 ἰ-λν
673 1988 782 2027 δύναμιν
792 2000 798 2006 ·
812 1982 857 2018 καὶ

91 2026 272 2062 ἠκολούθησαν
292 2027 340 2066 μὲν
354 2029 387 2063 τῆ
401 2027 488 2062 λέξει,
509 2027 558 2064 τὴν
569 2028 678 2067 θεωρίαν
692 2028 728 2067 μὴ
745 2027 857 2067 βασανί-

91 2077 192 2100 σαντες.
210 2066 290 2106 Ἔχει
304 2066 331 2095 δὲ
347 2060 444 2100 οὕτως·
466 2067 658 2097 Ἐταπείνωσεν
673 2067 764 2096 ἑαυτὸν
778 2069 831 2107 μέχ
850 2079 858 2097 ι

92 2105 204 2135 θανάτου
214 2128 223 2141 ,
242 2105 353 2135 θανάτου
366 2106 393 2135 δὲ
410 2109 523 2146 σταυροῦ
532 2118 538 2124 ·
559 2107 599 2136 διὸ
616 2106 662 2136 καὶ
671 2109 685 2135 ὃ
699 2107 767 2140 Θεὸς
781 2080 858 2136 aio-:gv

91 2144 247 2184 ὑπερύψωσε
255 2156 262 2163 ·
284 2144 327 2173 διὰ
340 2145 370 2174 τὸ
381 2145 476 2182 πάθος,
497 2147 532 2179 ὡς
546 2145 636 2184 μισθὸν
648 2148 693 2174 τοῦ
706 2146 803 2179 πάθους
815 2147 859 2175 δε·-

93 2182 182 2216 δωκὼς
196 2185 267 2223 αὐτῷ
280 2183 328 2219 τὴν
340 2184 451 2223 ὕψωὰιν.
474 2185 584 2218 Πάντως
599 2184 685 2221 λέγεις
694 2208 703 2220 ,
725 2185 840 2225 αἱρετικέ
851 2197 858 2203 ·

92 2222 145 2251 Καὶ
157 2222 252 2252 ἔδωκεν
265 2224 336 2261 αὐτῷ
348 2223 429 2260 ὄνομα
445 2223 495 2253 ὖπὲ
530 2230 582 2253 πᾶν
600 2224 696 2263 ὄνομα,
713 2224 756 2253 ἵνα
774 2226 801 2253 ἐν
820 2226 858 2264 τῷ
875 2232 895 2254 Ε

91 2261 201 2299 ὀνόματι
214 2261 302 2296 Ἰησοῦ
317 2266 369 2290 πᾶν
387 2261 448 2300 γόνυ
471 2264 565 2302 καμψῃ
579 2286 588 2298 ,
611 2263 772 2302 ἐπουρανίων
784 2285 792 2298 ,
815 2263 860 2292 καὶ

91 2301 227 2339 ἐπιγείων,
247 2301 292 2330 καὶ
312 2301 500 2340 καταχθονίων.
514 2301 614 2341 Ὁρᾷς,
635 2303 714 2341 φησὶ,
733 2303 802 2341 μετὰ
816 2303 859 2332 τὸν

92 2339 518 2419 ἕεὲρξέψεξῑὲῑεωὲρῗετιῖεὲ
540 2340 859 2420 μῖῑὶὸῖὶῑέἒοῑνμεῑὲῐ

93 2419 124 2452 θη
134 2439 142 2453 ,
154 2391 189 2451 31<
202 2421 276 2457 ὑμεῖς
288 2396 373 2458 νφοιτέ,
388 2418 430 2447 διὰ
443 2418 469 2448 τί
483 2421 496 2448 ὁ
512 2391 658 2457 {licentior->15
670 2392 794 2455 Ἰωοῗωης
807 2419 860 2459 πρὸ

92 2459 138 2485 τοῦ
149 2457 262 2493 πάθους,
279 2458 331 2497 πρὸ
343 2460 388 2486 τοῦ
403 2461 515 2497 σταυροῦ
536 2457 636 2496 ἔλεγεν·
657 2457 691 2488 Ὁ
708 2458 804 2488 ἄνωθεν
818 2460 859 2498 ἕρ-

93 2495 204 2534 χόμενος
218 2497 307 2525 ἐπάνω
320 2497 425 2526 πάντων
438 2498 510 2526 ἐστὶν
519 2519 527 2533 ,
548 2497 607 2537 οὐχὶ
620 2497 733 2536 γίνεται;
754 2498 803 2528 Διὸ
813 2499 858 2529 καὶ

912 967 953 994 Hi
975 971 1045 994 sunt
1056 974 1161 1005 septem
1177 968 1255 996 oculi
1269 969 1408 1005 Domini,
1424 970 1476 1007 qui
1489 970 1655 999 universam
1663 985 1806 1014 Zach.4.¹o.

911 1010 1019 1034 terram
1033 1007 1199 1044 respiciunt.
1215 1006 1334 1037 Videsne
1352 1008 1437 1047 ipsam
1457 1007 1596 1037 veritatem
1610 1019 1655 1038 se-

910 1043 996 1082 ipsam
1009 1043 1154 1082 declarare,
1170 1055 1218 1075 nee
1240 1056 1318 1086 egere
1337 1047 1462 1076 humanis
1486 1047 1655 1078 ratiociniis?

909 1082 964 1112 Sed
977 1083 1029 1123 ipsi
1043 1083 1177 1113 Adstant
1197 1086 1325 1115 Domino
1340 1088 1481 1116 universoe
1494 1093 1587 1116 terroe.
1602 1088 1654 1117 Za-

909 1122 1013 1152 charias
1022 1123 1169 1153 Dominum
1177 1131 1253 1154 vocat
1259 1125 1427 1155 Servatorem
1439 1126 1568 1155 universae
1578 1133 1654 1156 terrae

907 1162 1057 1191 secundum
1070 1163 1202 1192 carnalem
1226 1163 1461 1204 dispensationem.
1476 1167 1570 1194 Petrus
1583 1176 1652 1205 apo-

906 1201 1037 1230 stolorum
1050 1209 1131 1241 caput
1143 1213 1205 1231 cum
1229 1204 1353 1233 Cornelio
1369 1203 1501 1233 disserens
1514 1204 1551 1233 ait
1566 1216 1573 1233 ι
1589 1206 1650 1234 Nos
1661 1213 1712 1236 Act.
1729 1221 1765 1237 ιο.

906 1242 1011 1270 scimus
1028 1242 1150 1270 verbum
1172 1242 1253 1281 quod
1263 1243 1386 1282 sactum
1409 1249 1452 1272 est
1472 1245 1504 1272 in
1528 1244 1647 1281 Judaea,
1660 1243 1698 1268 38·

905 1280 1008 1308 Jesum
1022 1279 1058 1308 de
1076 1281 1216 1316 Namnet,
1229 1291 1315 1320 quem
1339 1284 1426 1312 unxit
1446 1283 1526 1314 Deus
1540 1283 1648 1322 Spiritu

904 1325 1016 1348 sancto.
1030 1319 1064 1348 Et
1075 1330 1168 1349 rursus
1182 1320 1253 1349 idem
1267 1333 1274 1349 z
1291 1322 1428 1358 Verbum,
1444 1322 1525 1362 quod
1538 1323 1571 1350 in
1585 1330 1647 1352 tota
1656 1328 1694 1351 Ibe·
1701 1330 1718 1351 1.
1730 1329 1801 1360 v.37.

903 1359 1013 1387 Judoea
1029 1358 1150 1398 sactum
1175 1366 1231 1395 est;
1244 1366 1288 1397 et,v
1315 1361 1454 1397 Verbum,
1468 1362 1547 1401 quod
1569 1364 1647 1392 misit
1657 1359 1698 1383 3⁶·

904 1398 996 1431 Deus,
1013 1400 1196 1428 annuntians
1207 1409 1311 1438 pacem
1318 1401 1398 1440 filiis
1411 1400 1506 1430 lsrael
1518 1413 1528 1429 .·
1543 1402 1592 1430 hic
1605 1409 1648 1432 est

905 1438 1035 1466 omnium
1061 1437 1217 1467 Dominus.
1233 1439 1367 1484 Propheta
1393 1440 1540 1469 Dominum
1558 1447 1646 1478 terrae,

904 1476 1065 1516 evangelista
1094 1477 1189 1506 Petrus
1222 1479 1369 1507 Dominum
1404 1479 1525 1508 omnium
1558 1479 1626 1509 dicit
1639 1492 1646 1508 :

906 1516 965 1544 Hic
989 1521 1032 1545 est
1059 1517 1189 1545 omnium
1213 1518 1375 1552 Dominus,
1390 1518 1511 1546 omnium
1536 1528 1595 1556 quae
1619 1518 1649 1547 in

870 1561 892 1584 D
905 1554 986 1589 caelo,
1001 1561 1027 1583 et
1049 1554 1076 1582 in
1097 1561 1181 1590 terra,
1196 1561 1222 1584 et
1234 1556 1285 1584 suh
1299 1562 1370 1584 terra
1379 1578 1387 1592 ‚
1401 1556 1553 1585 visibilium
1566 1564 1592 1586 et
1603 1557 1649 1586 in-

905 1592 1055 1621 visibilium
1066 1603 1074 1626 ;
1086 1593 1145 1621 Hic
1155 1599 1198 1622 est
1209 1596 1337 1623 omnium
1351 1595 1505 1624 Dominus.
1515 1595 1596 1625 Unde
1604 1596 1648 1625 his

905 1641 1020 1660 consona
1041 1631 1162 1669 loquitur
1184 1633 1300 1662 Joannes
1320 1633 1433 1663 dicensz
1451 1634 1508 1672 Qui
1525 1635 1561 1662 de
1574 1635 1796 1671 coelvloan.3.31.

905 1671 1000 1704 venit,
1011 1680 1097 1708 super
1119 1680 1218 1699 omnes
1239 1678 1291 1702 est.
1315 1674 1412 1712 Operae
1429 1673 1546 1712 pretium
1559 1681 1648 1703 autem

905 1715 944 1738 est
956 1709 1100 1749 diligenter
1113 1710 1278 1749 expendere,
1293 1711 1449 1750 solvereque
1462 1711 1648 1742 haereticorum

905 1749 1082 1788 objectionem
1094 1760 1100 1776 :
1111 1749 1238 1786 quoniam
1249 1750 1425 1796 apostolicum
1437 1750 1539 1780 dictum
1553 1762 1648 1792 perpe-

906 1798 963 1816 ram
983 1794 1131 1826 sequenteS,
1142 1798 1227 1827 neque
1245 1800 1290 1829 pie
1308 1789 1486 1829 intelligentes
1507 1797 1532 1820 et
1549 1801 1650 1831 perpe-

906 1837 964 1856 ram
987 1826 1150 1866 explicantes
1160 1847 1169 1862 ‚
1186 1827 1313 1864 haeretici,
1329 1829 1440 1867 inquam
1454 1852 1462 1865 ,
1476 1829 1518 1858 illi
1531 1852 1538 1866 ‚
1552 1837 1647 1870 putant

907 1876 969 1895 eum
978 1867 1064 1895 crucis
1075 1867 1216 1905 praemium
1229 1868 1372 1908 accepisse,
1383 1867 1456 1906 quod
1466 1879 1546 1908 supra
1557 1880 1649 1899 omnes

906 1905 998 1940 fuerit,
1014 1912 1040 1934 et
1052 1905 1126 1943 quod
1142 1916 1235 1945 passus
1258 1907 1303 1943 sit,
1320 1914 1346 1936 et
1358 1906 1432 1946 quod
1446 1918 1552 1937 crucem
1565 1909 1648 1938 susti-

907 1945 1007 1982 nuerit,
1019 1944 1120 1974 idcirco
1134 1955 1150 1974 a
1162 1946 1219 1974 Deo
1232 1947 1459 1986 superexaltatum
1473 1947 1565 1976 fuisse.
1578 1949 1650 1977 Ver-

907 1985 973 2014 bum
987 1983 1102 2024 apostoli
1123 1992 1319 2022 consectantur,
1335 1985 1437 2015 dictum
1448 1986 1555 2025 sequuti
1575 1994 1648 2023 sunt,

897 2024 1022 2053 'mentem
1044 2033 1095 2051 non
1118 2023 1298 2063 explorantes.
1313 2026 1368 2054 Res
1386 2032 1474 2054 autem
1494 2026 1530 2054 ita
1543 2025 1624 2055 babet
1639 2039 1647 2055 :

909 2063 1088 2092 Humiliavit
1117 2065 1300 2103 semetipsum
1329 2074 1421 2103 usque
1446 2065 1487 2093 ad
1511 2072 1646 2102 mortem,
1659 2076 1746 2106 Philip.
1758 2083 1783 2099 2,

909 2109 1029 2131 mortem
1042 2109 1139 2131 autem
1150 2105 1244 2132 crucis
1258 2116 1267 2133 .·
1277 2110 1429 2143 propterea
1442 2105 1521 2133 Deus
1532 2105 1647 2133 exalta·
1658 2108 1681 2131 8.

912 2143 951 2170 vit
965 2142 1049 2170 illum
1055 2152 1069 2178 ,·
1082 2141 1118 2171 ob
1138 2142 1286 2172 cruciatum
1308 2153 1419 2182 nempe,
1434 2143 1582 2172 mercedem
1596 2143 1649 2182 ipsi

909 2181 1037 2220 supplicii
1053 2180 1174 2210 tribuens
1191 2181 1389 2211 exaltationem.
1404 2183 1445 2211 lta
1467 2183 1546 2222 plane
1567 2182 1647 2219 dieis,

911 2220 1032 2249 haeretice
1058 2231 1064 2247 :
1087 2221 1128 2248 Et
1152 2221 1232 2250 dedit
1253 2221 1301 2250 illi
1328 2232 1434 2250 nomen
1457 2232 1543 2260 super
1565 2232 1649 2250 omne
1659 2232 1720 2255 ibid.
1732 2240 1753 2254 v.
1763 2238 1788 2261 9,

912 2269 1026 2294 nomen,
1035 2266 1067 2288 ut
1075 2261 1107 2287 in
1119 2261 1235 2289 nomine
1242 2261 1313 2290 Jesu
1323 2270 1409 2289 omne
1417 2271 1491 2300 genu
1493 2260 1647 2302 flectatur,
1662 2269 1698 2285 ¹⁰-

911 2298 1079 2335 coelestium,
1091 2301 1268 2329 terrestrium
1288 2306 1316 2328 et
1330 2300 1519 2340 infernorum.
1536 2299 1647 2335 Viden’,

911 2337 1009 2376 inquit,
1023 2344 1082 2377 post
1095 2348 1201 2368 crucem
1212 2339 1342 2367 exaltatus
1361 2339 1419 2367 est?
1433 2338 1534 2373 viden',
1550 2337 1648 2375 inquit,

911 2384 972 2416 post
983 2377 1131 2417 passionem
1151 2378 1299 2407 mercedem
1314 2377 1425 2416 accepit,
1442 2386 1535 2415 nempe
1548 2376 1649 2404 exalta-

911 2416 1029 2446 tionem?
1042 2416 1072 2446 Si
1085 2427 1149 2455 ergo
1165 2423 1224 2456 post
1236 2427 1342 2446 crucem
1355 2416 1485 2444 exaltatus
1499 2421 1552 2458 est,⁴
1561 2422 1590 2442 ut
1602 2424 1651 2443 vos

910 2455 1015 2492 dicitis,
1038 2466 1088 2484 cur
1110 2457 1225 2485 Joannes
1250 2455 1368 2494 Baptista
1394 2461 1454 2482 ante
1483 2463 1649 2492 passuonem,

910 2506 970 2528 ante
988 2510 1093 2529 crucem
1117 2498 1209 2528 dixit:
1229 2499 1287 2537 Qui
1307 2498 1343 2526 de
1360 2497 1430 2526 caelo
1450 2498 1547 2532 venit,
1568 2507 1652 2536 super
1661 2506 1799 2529 somnust.
1842 2519 1843 2522 =

126 2594 136 2605 n
155 2586 224 2611 Unus
242 2587 287 2611 Ma.
308 2591 328 2613 οἱ
347 2590 512 2616 amminoni„
528 2586 591 2612 forte
610 2586 704 2613 melius.
720 2588 769 2621 [Et
779 2587 844 2616 Bibl.
859 2592 931 2617 ἐπιελ-
946 2588 1062 2619 habent.]
