<?xml version="1.0" encoding="UTF-8"?>
<!DOCTYPE html PUBLIC "-//W3C//DTD XHTML 1.0 Transitional//EN"
    "http://www.w3.org/TR/xhtml1/DTD/xhtml1-transitional.dtd">
<html xmlns="http://www.w3.org/1999/xhtml" xml:lang="en" lang="en">
 <head>
  <title>
</title>
<meta http-equiv="Content-Type" content="text/html;charset=utf-8" />
  <meta name='ocr-system' content='tesseract 3.04.00' />
  <meta name='ocr-capabilities' content='ocr_page ocr_carea ocr_par ocr_line ocrx_word'/>
</head>
<body>
  <div class='ocr_page' id='page_1' title='image "./operaomniaquaeex06johnuoft_0808.png"; bbox 0 0 1904 2840; ppageno 0'>
   <div class='ocr_carea' id='block_1_1' title="bbox 247 182 316 230">
    <p class='ocr_par' dir='ltr' id='par_1_1' title="bbox 247 182 316 230">
     <span class='ocr_line' id='line_1_1' title="bbox 247 182 316 230; baseline 0 -14"><span class='ocrx_word' id='word_1_1' title='bbox 247 182 316 230; x_wconf 87' lang='lat'>788</span> 
     </span>
    </p>
   </div>
   <div class='ocr_carea' id='block_1_2' title="bbox 96 252 986 1201">
    <p class='ocr_par' dir='ltr' id='par_1_2' title="bbox 96 252 986 1201">
     <span class='ocr_line' id='line_1_2' title="bbox 244 252 984 295; baseline -0.004 -10"><span class='ocrx_word' id='word_1_2' title='bbox 244 255 324 295; x_wconf 75' lang='lat' dir='ltr'>⁸quia</span> <span class='ocrx_word' id='word_1_3' title='bbox 332 264 385 284; x_wconf 93' lang='lat' dir='ltr'>non</span> <span class='ocrx_word' id='word_1_4' title='bbox 391 253 473 284; x_wconf 80' lang='lat' dir='ltr'>verba</span> <span class='ocrx_word' id='word_1_5' title='bbox 482 252 704 293; x_wconf 77' lang='lat' dir='ltr'>pietatisvirtutes</span> <span class='ocrx_word' id='word_1_6' title='bbox 709 253 902 283; x_wconf 82' lang='lat' dir='ltr'>miraculorum</span> <span class='ocrx_word' id='word_1_7' title='bbox 909 263 984 282; x_wconf 90' lang='lat' dir='ltr'>com-</span> 
     </span>
     <span class='ocr_line' id='line_1_3' title="bbox 245 292 985 329; baseline -0.004 -5"><span class='ocrx_word' id='word_1_8' title='bbox 245 294 385 329; x_wconf 88' lang='lat' dir='ltr'>mendant,</span> <span class='ocrx_word' id='word_1_9' title='bbox 395 293 442 322; x_wconf 87' lang='lat' dir='ltr'>sed</span> <span class='ocrx_word' id='word_1_10' title='bbox 451 293 563 322; x_wconf 84' lang='lat' dir='ltr'>virtutes</span> <span class='ocrx_word' id='word_1_11' title='bbox 577 292 767 323; x_wconf 80' lang='lat' dir='ltr'>miraculorum</span> <span class='ocrx_word' id='word_1_12' title='bbox 787 293 906 323; x_wconf 85' lang='lat' dir='ltr'>veritatis</span> <span class='ocrx_word' id='word_1_13' title='bbox 923 303 985 322; x_wconf 84' lang='lat' dir='ltr'>ser-</span> 
     </span>
     <span class='ocr_line' id='line_1_4' title="bbox 244 332 984 373; baseline -0.003 -10"><span class='ocrx_word' id='word_1_14' title='bbox 244 344 345 363; x_wconf 84' lang='lat' dir='ltr'>mones.</span> <span class='ocrx_word' id='word_1_15' title='bbox 361 334 417 362; x_wconf 88' lang='lat' dir='ltr'>Nec</span> <span class='ocrx_word' id='word_1_16' title='bbox 430 332 490 361; x_wconf 87' lang='lat' dir='ltr'>ideo</span> <span class='ocrx_word' id='word_1_17' title='bbox 502 332 662 362; x_wconf 79' lang='lat' dir='ltr'>credebatur</span> <span class='ocrx_word' id='word_1_18' title='bbox 671 333 796 362; x_wconf 77' lang='lat' dir='ltr'>Chr-stus</span> <span class='ocrx_word' id='word_1_19' title='bbox 811 343 887 373; x_wconf 85' lang='lat' dir='ltr'>posse</span> <span class='ocrx_word' id='word_1_20' title='bbox 900 333 984 361; x_wconf 76' lang='lat' dir='ltr'>facere</span> 
     </span>
     <span class='ocr_line' id='line_1_5' title="bbox 244 371 984 416; baseline -0.001 -14"><span class='ocrx_word' id='word_1_21' title='bbox 244 373 367 409; x_wconf 87' lang='lat' dir='ltr'>virtutes,</span> <span class='ocrx_word' id='word_1_22' title='bbox 376 372 439 411; x_wconf 88' lang='lat' dir='ltr'>quia</span> <span class='ocrx_word' id='word_1_23' title='bbox 453 372 590 401; x_wconf 87' lang='lat' dir='ltr'>veritatem</span> <span class='ocrx_word' id='word_1_24' title='bbox 602 371 762 416; x_wconf 81' lang='lat' dir='ltr'>praedicabat</span> <span class='ocrx_word' id='word_1_25' title='bbox 774 384 783 401; x_wconf 88' lang='lat'><em>=</em></span> <span class='ocrx_word' id='word_1_26' title='bbox 795 372 842 402; x_wconf 89' lang='lat' dir='ltr'>sed</span> <span class='ocrx_word' id='word_1_27' title='bbox 854 372 914 401; x_wconf 87' lang='lat' dir='ltr'>ideo</span> <span class='ocrx_word' id='word_1_28' title='bbox 927 382 984 401; x_wconf 82' lang='lat' dir='ltr'>cre·</span> 
     </span>
     <span class='ocr_line' id='line_1_6' title="bbox 245 410 984 451; baseline -0.001 -10"><span class='ocrx_word' id='word_1_29' title='bbox 245 412 358 441; x_wconf 86' lang='lat' dir='ltr'>debatur</span> <span class='ocrx_word' id='word_1_30' title='bbox 370 411 507 440; x_wconf 86' lang='lat' dir='ltr'>veritatem</span> <span class='ocrx_word' id='word_1_31' title='bbox 528 410 684 451; x_wconf 63' lang='lat' dir='ltr'>praedicare,</span> <span class='ocrx_word' id='word_1_32' title='bbox 700 412 763 451; x_wconf 86' lang='lat' dir='ltr'>quia</span> <span class='ocrx_word' id='word_1_33' title='bbox 780 419 882 451; x_wconf 85' lang='lat' dir='ltr'>poterat</span> <span class='ocrx_word' id='word_1_34' title='bbox 899 412 984 440; x_wconf 86' lang='lat' dir='ltr'>facere</span> 
     </span>
     <span class='ocr_line' id='line_1_7' title="bbox 246 451 985 481; baseline -0.001 -1"><span class='ocrx_word' id='word_1_35' title='bbox 246 451 365 481; x_wconf 81' lang='lat' dir='ltr'>virtutes.</span> <span class='ocrx_word' id='word_1_36' title='bbox 372 453 421 480; x_wconf 68' lang='lat'>94.</span> <span class='ocrx_word' id='word_1_37' title='bbox 428 452 469 479; x_wconf 87' lang='lat' dir='ltr'>Et</span> <span class='ocrx_word' id='word_1_38' title='bbox 477 451 643 480; x_wconf 77' lang='lat' dir='ltr'>obtulerunt</span> <span class='ocrx_word' id='word_1_39' title='bbox 651 453 677 480; x_wconf 83' lang='grc' dir='ltr'>εἰ</span> <span class='ocrx_word' id='word_1_40' title='bbox 685 462 783 480; x_wconf 85' lang='lat' dir='ltr'>omncs</span> <span class='ocrx_word' id='word_1_41' title='bbox 792 451 868 480; x_wconf 86' lang='lat' dir='ltr'>male</span> <span class='ocrx_word' id='word_1_42' title='bbox 877 451 985 480; x_wconf 80' lang='lat' dir='ltr'>hahen-</span> 
     </span>
     <span class='ocr_line' id='line_1_8' title="bbox 96 490 984 532; baseline -0.001 -12"><span class='ocrx_word' id='word_1_43' title='bbox 96 511 163 532; x_wconf 76' lang='lat' dir='ltr'>Marc</span> <span class='ocrx_word' id='word_1_44' title='bbox 175 518 181 531; x_wconf 55' lang='grc' dir='ltr'>ι</span> <span class='ocrx_word' id='word_1_45' title='bbox 198 509 211 532; x_wconf 83' lang='lat'><strong>3</strong></span> <span class='ocrx_word' id='word_1_46' title='bbox 248 497 299 525; x_wconf 78' lang='lat' dir='ltr'>tes,</span> <span class='ocrx_word' id='word_1_47' title='bbox 311 497 339 519; x_wconf 87' lang='lat' dir='ltr'>et</span> <span class='ocrx_word' id='word_1_48' title='bbox 351 492 464 520; x_wconf 79' lang='lat' dir='ltr'>curavit</span> <span class='ocrx_word' id='word_1_49' title='bbox 474 500 533 519; x_wconf 78' lang='lat' dir='ltr'>cos.</span> <span class='ocrx_word' id='word_1_50' title='bbox 545 491 575 520; x_wconf 88' lang='lat' dir='ltr'>In</span> <span class='ocrx_word' id='word_1_51' title='bbox 590 491 752 529; x_wconf 90' lang='lat' dir='ltr'>quibusdam</span> <span class='ocrx_word' id='word_1_52' title='bbox 764 491 830 520; x_wconf 91' lang='lat' dir='ltr'>locis</span> <span class='ocrx_word' id='word_1_53' title='bbox 844 490 929 530; x_wconf 87' lang='lat' dir='ltr'>ponit,</span> <span class='ocrx_word' id='word_1_54' title='bbox 944 491 984 519; x_wconf 88' lang='lat' dir='ltr'>Et</span> 
     </span>
     <span class='ocr_line' id='line_1_9' title="bbox 97 525 985 570; baseline -0.006 -8"><span class='ocrx_word' id='word_1_55' title='bbox 97 542 152 562; x_wconf 70' lang='lat' dir='ltr'>Luc.</span> <span class='ocrx_word' id='word_1_56' title='bbox 163 525 236 569; x_wconf 56' lang='lat' dir='ltr'>{szni</span> <span class='ocrx_word' id='word_1_57' title='bbox 247 531 352 559; x_wconf 82' lang='lat' dir='ltr'>multos</span> <span class='ocrx_word' id='word_1_58' title='bbox 362 531 485 566; x_wconf 82' lang='lat' dir='ltr'>curavit,</span> <span class='ocrx_word' id='word_1_59' title='bbox 498 530 567 559; x_wconf 90' lang='lat' dir='ltr'>sicut</span> <span class='ocrx_word' id='word_1_60' title='bbox 580 537 604 559; x_wconf 86' lang='lat' dir='ltr'>et</span> <span class='ocrx_word' id='word_1_61' title='bbox 618 529 656 559; x_wconf 83' lang='lat' dir='ltr'>ibi</span> <span class='ocrx_word' id='word_1_62' title='bbox 666 543 672 559; x_wconf 73' lang='grc' dir='ltr'><strong>ε</strong></span> <span class='ocrx_word' id='word_1_63' title='bbox 683 531 723 559; x_wconf 84' lang='lat' dir='ltr'>Et</span> <span class='ocrx_word' id='word_1_64' title='bbox 734 537 876 570; x_wconf 81' lang='lat' dir='ltr'>quotquot</span> <span class='ocrx_word' id='word_1_65' title='bbox 888 530 985 569; x_wconf 84' lang='lat' dir='ltr'>tetige-</span> 
     </span>
     <span class='ocr_line' id='line_1_10' title="bbox 96 569 986 609; baseline 0 -11"><span class='ocrx_word' id='word_1_66' title='bbox 96 572 182 594; x_wconf 80' lang='lat' dir='ltr'>Mauh.</span> <span class='ocrx_word' id='word_1_67' title='bbox 200 571 234 602; x_wconf 72' lang='lat'>¹4-</span> <span class='ocrx_word' id='word_1_68' title='bbox 246 576 313 599; x_wconf 87' lang='lat' dir='ltr'>runt</span> <span class='ocrx_word' id='word_1_69' title='bbox 334 581 410 607; x_wconf 78' lang='lat' dir='ltr'>eum,</span> <span class='ocrx_word' id='word_1_70' title='bbox 428 571 533 599; x_wconf 46' lang='lat' dir='ltr'>»sanati</span> <span class='ocrx_word' id='word_1_71' title='bbox 555 576 632 599; x_wconf 83' lang='lat' dir='ltr'>sunt.</span> <span class='ocrx_word' id='word_1_72' title='bbox 648 569 699 599; x_wconf 90' lang='lat' dir='ltr'>Hic</span> <span class='ocrx_word' id='word_1_73' title='bbox 720 577 809 599; x_wconf 84' lang='lat' dir='ltr'>autem</span> <span class='ocrx_word' id='word_1_74' title='bbox 829 569 986 609; x_wconf 87' lang='lat' dir='ltr'>simpliciter</span> 
     </span>
     <span class='ocr_line' id='line_1_11' title="bbox 96 601 985 654; baseline 0 -16"><span class='ocrx_word' id='word_1_75' title='bbox 96 601 136 625; x_wconf 79' lang='lat'>3⁶·</span> <span class='ocrx_word' id='word_1_76' title='bbox 244 609 320 646; x_wconf 87' lang='lat' dir='ltr'>dicit,</span> <span class='ocrx_word' id='word_1_77' title='bbox 336 611 378 638; x_wconf 87' lang='lat' dir='ltr'>Et</span> <span class='ocrx_word' id='word_1_78' title='bbox 399 602 512 638; x_wconf 73' lang='lat' dir='ltr'>curavit</span> <span class='ocrx_word' id='word_1_79' title='bbox 535 619 583 638; x_wconf 86' lang='lat' dir='ltr'>eos</span> <span class='ocrx_word' id='word_1_80' title='bbox 597 621 607 638; x_wconf 88' lang='lat'><em>:</em></span> <span class='ocrx_word' id='word_1_81' title='bbox 626 609 778 654; x_wconf 74' lang='lat' dir='ltr'>significans</span> <span class='ocrx_word' id='word_1_82' title='bbox 805 609 868 648; x_wconf 88' lang='lat' dir='ltr'>quia</span> <span class='ocrx_word' id='word_1_83' title='bbox 894 619 985 638; x_wconf 87' lang='lat' dir='ltr'>omnes</span> 
     </span>
     <span class='ocr_line' id='line_1_12' title="bbox 244 648 983 679; baseline -0.001 -2"><span class='ocrx_word' id='word_1_84' title='bbox 244 649 358 678; x_wconf 89' lang='lat' dir='ltr'>curavit.</span> <span class='ocrx_word' id='word_1_85' title='bbox 373 649 450 679; x_wconf 86' lang='lat' dir='ltr'>Sicut</span> <span class='ocrx_word' id='word_1_86' title='bbox 462 649 580 678; x_wconf 82' lang='lat' dir='ltr'>novitius</span> <span class='ocrx_word' id='word_1_87' title='bbox 593 649 713 678; x_wconf 79' lang='lat' dir='ltr'>medicus</span> <span class='ocrx_word' id='word_1_88' title='bbox 727 649 827 678; x_wconf 86' lang='lat' dir='ltr'>intrans</span> <span class='ocrx_word' id='word_1_89' title='bbox 846 648 872 677; x_wconf 90' lang='lat' dir='ltr'>in</span> <span class='ocrx_word' id='word_1_90' title='bbox 886 648 983 678; x_wconf 88' lang='lat' dir='ltr'>civita-</span> 
     </span>
     <span class='ocr_line' id='line_1_13' title="bbox 245 688 981 725; baseline -0.001 -8"><span class='ocrx_word' id='word_1_91' title='bbox 245 694 308 724; x_wconf 87' lang='lat' dir='ltr'>tem,</span> <span class='ocrx_word' id='word_1_92' title='bbox 335 695 362 718; x_wconf 92' lang='lat' dir='ltr'>et</span> <span class='ocrx_word' id='word_1_93' title='bbox 383 688 476 718; x_wconf 84' lang='lat' dir='ltr'>volens</span> <span class='ocrx_word' id='word_1_94' title='bbox 496 688 683 718; x_wconf 80' lang='lat' dir='ltr'>ostentationes</span> <span class='ocrx_word' id='word_1_95' title='bbox 708 688 773 717; x_wconf 84' lang='lat' dir='ltr'>darc</span> <span class='ocrx_word' id='word_1_96' title='bbox 798 688 905 717; x_wconf 84' lang='lat' dir='ltr'>artificii</span> <span class='ocrx_word' id='word_1_97' title='bbox 928 688 981 725; x_wconf 89' lang='lat' dir='ltr'>sui,</span> 
     </span>
     <span class='ocr_line' id='line_1_14' title="bbox 243 727 983 766; baseline 0 -9"><span class='ocrx_word' id='word_1_98' title='bbox 243 737 334 757; x_wconf 89' lang='lat' dir='ltr'>omnes</span> <span class='ocrx_word' id='word_1_99' title='bbox 344 727 479 757; x_wconf 88' lang='lat' dir='ltr'>venientes</span> <span class='ocrx_word' id='word_1_100' title='bbox 488 727 522 757; x_wconf 91' lang='lat' dir='ltr'>ad</span> <span class='ocrx_word' id='word_1_101' title='bbox 533 739 561 757; x_wconf 91' lang='lat' dir='ltr'>se</span> <span class='ocrx_word' id='word_1_102' title='bbox 570 735 656 764; x_wconf 86' lang='lat' dir='ltr'>curat,</span> <span class='ocrx_word' id='word_1_103' title='bbox 668 734 694 757; x_wconf 88' lang='lat' dir='ltr'>et</span> <span class='ocrx_word' id='word_1_104' title='bbox 706 738 757 757; x_wconf 91' lang='lat' dir='ltr'>non</span> <span class='ocrx_word' id='word_1_105' title='bbox 770 735 874 757; x_wconf 87' lang='lat' dir='ltr'>tantum</span> <span class='ocrx_word' id='word_1_106' title='bbox 884 727 983 766; x_wconf 83' lang='lat' dir='ltr'>cogitat</span> 
     </span>
     <span class='ocr_line' id='line_1_15' title="bbox 243 766 983 807; baseline 0.001 -12"><span class='ocrx_word' id='word_1_107' title='bbox 243 766 277 795; x_wconf 90' lang='lat' dir='ltr'>de</span> <span class='ocrx_word' id='word_1_108' title='bbox 291 767 411 796; x_wconf 83' lang='lat' dir='ltr'>mercede</span> <span class='ocrx_word' id='word_1_109' title='bbox 431 767 595 807; x_wconf 65' lang='lat' dir='ltr'>accipienda,</span> <span class='ocrx_word' id='word_1_110' title='bbox 609 774 739 807; x_wconf 88' lang='lat' dir='ltr'>quantum</span> <span class='ocrx_word' id='word_1_111' title='bbox 752 767 786 796; x_wconf 90' lang='lat' dir='ltr'>de</span> <span class='ocrx_word' id='word_1_112' title='bbox 799 778 814 797; x_wconf 94' lang='lat' dir='ltr'>o</span> <span class='ocrx_word' id='word_1_113' title='bbox 835 768 923 796; x_wconf 91' lang='lat' dir='ltr'>inione</span> <span class='ocrx_word' id='word_1_114' title='bbox 935 777 983 796; x_wconf 89' lang='lat' dir='ltr'>sua</span> 
     </span>
     <span class='ocr_line' id='line_1_16' title="bbox 243 806 983 845; baseline 0 -10"><span class='ocrx_word' id='word_1_115' title='bbox 243 806 464 845; x_wconf 86' lang='lat' dir='ltr'>commendanda;</span> <span class='ocrx_word' id='word_1_116' title='bbox 478 817 540 836; x_wconf 90' lang='lat' dir='ltr'>cum</span> <span class='ocrx_word' id='word_1_117' title='bbox 554 814 641 837; x_wconf 88' lang='lat' dir='ltr'>autem</span> <span class='ocrx_word' id='word_1_118' title='bbox 655 807 792 836; x_wconf 77' lang='lat' dir='ltr'>manifesta</span> <span class='ocrx_word' id='word_1_119' title='bbox 824 807 892 836; x_wconf 88' lang='lat' dir='ltr'>uerit</span> <span class='ocrx_word' id='word_1_120' title='bbox 913 807 983 835; x_wconf 85' lang='lat' dir='ltr'>fama</span> 
     </span>
     <span class='ocr_line' id='line_1_17' title="bbox 244 845 984 885; baseline 0 -11"><span class='ocrx_word' id='word_1_121' title='bbox 244 846 302 885; x_wconf 89' lang='lat' dir='ltr'>ejus</span> <span class='ocrx_word' id='word_1_122' title='bbox 316 846 397 879; x_wconf 80' lang='lat' dir='ltr'>bona,</span> <span class='ocrx_word' id='word_1_123' title='bbox 410 853 473 876; x_wconf 87' lang='lat' dir='ltr'>tunc</span> <span class='ocrx_word' id='word_1_124' title='bbox 494 846 642 876; x_wconf 87' lang='lat' dir='ltr'>secundum</span> <span class='ocrx_word' id='word_1_125' title='bbox 664 846 783 876; x_wconf 85' lang='lat' dir='ltr'>laborem</span> <span class='ocrx_word' id='word_1_126' title='bbox 795 857 875 875; x_wconf 91' lang='lat' dir='ltr'>suum</span> <span class='ocrx_word' id='word_1_127' title='bbox 889 845 984 885; x_wconf 84' lang='lat' dir='ltr'>incipit</span> 
     </span>
     <span class='ocr_line' id='line_1_18' title="bbox 243 885 983 925; baseline 0 -12"><span class='ocrx_word' id='word_1_128' title='bbox 243 885 350 924; x_wconf 84' lang='lat' dir='ltr'>exigere</span> <span class='ocrx_word' id='word_1_129' title='bbox 370 892 395 915; x_wconf 91' lang='lat' dir='ltr'>et</span> <span class='ocrx_word' id='word_1_130' title='bbox 414 886 562 915; x_wconf 80' lang='lat' dir='ltr'>mercedem</span> <span class='ocrx_word' id='word_1_131' title='bbox 575 899 582 915; x_wconf 80' lang='lat' dir='ltr'><strong><em>z</em></strong></span> <span class='ocrx_word' id='word_1_132' title='bbox 595 886 633 915; x_wconf 90' lang='lat' dir='ltr'>sic</span> <span class='ocrx_word' id='word_1_133' title='bbox 654 893 680 915; x_wconf 87' lang='lat' dir='ltr'>et</span> <span class='ocrx_word' id='word_1_134' title='bbox 701 886 833 915; x_wconf 84' lang='lat' dir='ltr'>Dominus</span> <span class='ocrx_word' id='word_1_135' title='bbox 854 885 983 925; x_wconf 87' lang='lat' dir='ltr'>incipiens</span> 
     </span>
     <span class='ocr_line' id='line_1_19' title="bbox 243 924 984 966; baseline 0 -13"><span class='ocrx_word' id='word_1_136' title='bbox 243 925 398 963; x_wconf 82' lang='lat' dir='ltr'>praedicare,</span> <span class='ocrx_word' id='word_1_137' title='bbox 411 935 463 954; x_wconf 91' lang='lat' dir='ltr'>non</span> <span class='ocrx_word' id='word_1_138' title='bbox 477 924 623 963; x_wconf 75' lang='lat' dir='ltr'>secundum</span> <span class='ocrx_word' id='word_1_139' title='bbox 633 925 768 966; x_wconf 87' lang='lat' dir='ltr'>judicium</span> <span class='ocrx_word' id='word_1_140' title='bbox 780 925 921 964; x_wconf 86' lang='lat' dir='ltr'>quosdam,</span> <span class='ocrx_word' id='word_1_141' title='bbox 937 924 984 953; x_wconf 91' lang='lat' dir='ltr'>sed</span> 
     </span>
     <span class='ocr_line' id='line_1_20' title="bbox 243 964 984 1004; baseline 0 -12"><span class='ocrx_word' id='word_1_142' title='bbox 243 973 334 993; x_wconf 83' lang='lat' dir='ltr'>omnes</span> <span class='ocrx_word' id='word_1_143' title='bbox 347 964 529 994; x_wconf 74' lang='lat' dir='ltr'>indifferenter</span> <span class='ocrx_word' id='word_1_144' title='bbox 539 965 647 994; x_wconf 84' lang='lat' dir='ltr'>sanabat</span> <span class='ocrx_word' id='word_1_145' title='bbox 658 977 665 1001; x_wconf 85' lang='lat'><strong>;</strong></span> <span class='ocrx_word' id='word_1_146' title='bbox 681 971 821 1004; x_wconf 86' lang='lat' dir='ltr'>postquam</span> <span class='ocrx_word' id='word_1_147' title='bbox 831 975 895 994; x_wconf 86' lang='lat' dir='ltr'>vero</span> <span class='ocrx_word' id='word_1_148' title='bbox 904 964 984 993; x_wconf 93' lang='lat' dir='ltr'>illum</span> 
     </span>
     <span class='ocr_line' id='line_1_21' title="bbox 243 1003 983 1044; baseline 0.001 -13"><span class='ocrx_word' id='word_1_149' title='bbox 243 1004 330 1033; x_wconf 91' lang='lat' dir='ltr'>omnis</span> <span class='ocrx_word' id='word_1_150' title='bbox 343 1005 360 1034; x_wconf 91' lang='lat' dir='ltr'><strong>J</strong></span> <span class='ocrx_word' id='word_1_151' title='bbox 364 1004 436 1033; x_wconf 82' lang='lat' dir='ltr'>udaea</span> <span class='ocrx_word' id='word_1_152' title='bbox 452 1005 586 1044; x_wconf 82' lang='lat' dir='ltr'>cognovit,</span> <span class='ocrx_word' id='word_1_153' title='bbox 600 1004 728 1034; x_wconf 83' lang='lat' dir='ltr'>beneficia</span> <span class='ocrx_word' id='word_1_154' title='bbox 742 1005 885 1034; x_wconf 88' lang='lat' dir='ltr'>sanitatum</span> <span class='ocrx_word' id='word_1_155' title='bbox 901 1003 983 1042; x_wconf 83' lang='lat' dir='ltr'>digno</span> 
     </span>
     <span class='ocr_line' id='line_1_22' title="bbox 98 1043 984 1085; baseline 0 -14"><span class='ocrx_word' id='word_1_156' title='bbox 98 1063 173 1085; x_wconf 77' lang='lat' dir='ltr'>Mauh</span> <span class='ocrx_word' id='word_1_157' title='bbox 245 1043 330 1081; x_wconf 90' lang='lat' dir='ltr'>pretio</span> <span class='ocrx_word' id='word_1_158' title='bbox 351 1044 414 1072; x_wconf 81' lang='lat' dir='ltr'>fidei</span> <span class='ocrx_word' id='word_1_159' title='bbox 430 1044 620 1081; x_wconf 86' lang='lat' dir='ltr'>venumdabat‚</span> <span class='ocrx_word' id='word_1_160' title='bbox 634 1044 725 1073; x_wconf 86' lang='lat' dir='ltr'>dicens</span> <span class='ocrx_word' id='word_1_161' title='bbox 741 1044 898 1083; x_wconf 88' lang='lat' dir='ltr'>unicuique,</span> <span class='ocrx_word' id='word_1_162' title='bbox 913 1044 984 1072; x_wconf 86' lang='lat' dir='ltr'>Fiat</span> 
     </span>
     <span class='ocr_line' id='line_1_23' title="bbox 96 1070 982 1123; baseline 0.001 -13"><span class='ocrx_word' id='word_1_163' title='bbox 96 1100 133 1123; x_wconf 83' lang='lat'>29·</span> <span class='ocrx_word' id='word_1_164' title='bbox 178 1070 217 1093; x_wconf 80' lang='lat'>&#39;9&#39;</span> <span class='ocrx_word' id='word_1_165' title='bbox 246 1084 296 1110; x_wconf 85' lang='lat' dir='ltr'>tihi</span> <span class='ocrx_word' id='word_1_166' title='bbox 319 1085 477 1113; x_wconf 84' lang='lat' dir='ltr'>secundum</span> <span class='ocrx_word' id='word_1_167' title='bbox 492 1082 582 1122; x_wconf 78' lang='lat' dir='ltr'>fidem</span> <span class='ocrx_word' id='word_1_168' title='bbox 596 1090 687 1113; x_wconf 83' lang='lat' dir='ltr'>tuam.</span> <span class='ocrx_word' id='word_1_169' title='bbox 703 1085 763 1113; x_wconf 91' lang='lat' dir='ltr'>Non</span> <span class='ocrx_word' id='word_1_170' title='bbox 777 1090 864 1112; x_wconf 86' lang='lat' dir='ltr'>tamen</span> <span class='ocrx_word' id='word_1_171' title='bbox 882 1093 982 1118; x_wconf 89' lang='lat' dir='ltr'>omnes,</span> 
     </span>
     <span class='ocr_line' id='line_1_24' title="bbox 244 1121 984 1163; baseline 0.003 -13"><span class='ocrx_word' id='word_1_172' title='bbox 244 1121 291 1150; x_wconf 87' lang='lat' dir='ltr'>sed</span> <span class='ocrx_word' id='word_1_173' title='bbox 301 1122 372 1159; x_wconf 92' lang='lat' dir='ltr'>illos,</span> <span class='ocrx_word' id='word_1_174' title='bbox 384 1133 450 1161; x_wconf 89' lang='lat' dir='ltr'>quos</span> <span class='ocrx_word' id='word_1_175' title='bbox 461 1123 607 1152; x_wconf 83' lang='lat' dir='ltr'>secundum</span> <span class='ocrx_word' id='word_1_176' title='bbox 622 1123 813 1163; x_wconf 80' lang='lat' dir='ltr'>praescientiam</span> <span class='ocrx_word' id='word_1_177' title='bbox 829 1133 905 1152; x_wconf 89' lang='lat' dir='ltr'>suam</span> <span class='ocrx_word' id='word_1_178' title='bbox 925 1129 984 1152; x_wconf 86' lang='lat' dir='ltr'>ante</span> 
     </span>
     <span class='ocr_line' id='line_1_25' title="bbox 244 1163 691 1201; baseline 0.004 -12"><span class='ocrx_word' id='word_1_179' title='bbox 244 1169 450 1201; x_wconf 69' lang='lat' dir='ltr'>praeparaverat,</span> <span class='ocrx_word' id='word_1_180' title='bbox 465 1173 547 1201; x_wconf 88' lang='lat' dir='ltr'>quam</span> <span class='ocrx_word' id='word_1_181' title='bbox 560 1163 691 1192; x_wconf 81' lang='lat' dir='ltr'>venirent.</span> 
     </span>
    </p>
   </div>
   <div class='ocr_carea' id='block_1_3' title="bbox 363 1266 863 1306">
    <p class='ocr_par' dir='ltr' id='par_1_3' title="bbox 363 1266 863 1306">
     <span class='ocr_line' id='line_1_26' title="bbox 363 1266 863 1306; baseline 0.002 -11"><span class='ocrx_word' id='word_1_182' title='bbox 363 1266 496 1295; x_wconf 76' lang='lat' dir='ltr'>Humilia</span> <span class='ocrx_word' id='word_1_183' title='bbox 506 1276 584 1295; x_wconf 84' lang='lat' dir='ltr'>nona</span> <span class='ocrx_word' id='word_1_184' title='bbox 596 1277 632 1295; x_wconf 77' lang='lat' dir='ltr'>esc</span> <span class='ocrx_word' id='word_1_185' title='bbox 644 1267 737 1305; x_wconf 84' lang='lat' dir='ltr'>capite</span> <span class='ocrx_word' id='word_1_186' title='bbox 749 1268 863 1306; x_wconf 75' lang='lat' dir='ltr'>quium.</span> 
     </span>
    </p>
   </div>
   <div class='ocr_carea' id='block_1_4' title="bbox 227 1357 984 1869">
    <p class='ocr_par' dir='ltr' id='par_1_4' title="bbox 242 1357 984 1515">
     <span class='ocr_line' id='line_1_27' title="bbox 284 1357 984 1394; baseline 0.001 -8"><span class='ocrx_word' id='word_1_187' title='bbox 284 1359 297 1386; x_wconf 82' lang='grc'>1</span> <span class='ocrx_word' id='word_1_188' title='bbox 307 1379 313 1386; x_wconf 97' lang='grc'><em>.</em></span> <span class='ocrx_word' id='word_1_189' title='bbox 327 1358 353 1386; x_wconf 86' lang='lat' dir='ltr'><em>V</em></span> <span class='ocrx_word' id='word_1_190' title='bbox 353 1358 436 1386; x_wconf 83' lang='lat' dir='ltr'>idens</span> <span class='ocrx_word' id='word_1_191' title='bbox 446 1365 541 1387; x_wconf 85' lang='lat' dir='ltr'>autem</span> <span class='ocrx_word' id='word_1_192' title='bbox 548 1359 633 1387; x_wconf 85' lang='lat' dir='ltr'>Jesus</span> <span class='ocrx_word' id='word_1_193' title='bbox 646 1359 744 1386; x_wconf 81' lang='lat' dir='ltr'>turbas</span> <span class='ocrx_word' id='word_1_194' title='bbox 752 1357 872 1394; x_wconf 81' lang='lat' dir='ltr'>multas,</span> <span class='ocrx_word' id='word_1_195' title='bbox 884 1368 984 1387; x_wconf 84' lang='lat' dir='ltr'>ascen-</span> 
     </span>
     <span class='ocr_line' id='line_1_28' title="bbox 243 1397 983 1437; baseline 0.001 -11"><span class='ocrx_word' id='word_1_196' title='bbox 243 1398 288 1426; x_wconf 85' lang='lat' dir='ltr'>dit</span> <span class='ocrx_word' id='word_1_197' title='bbox 300 1399 332 1426; x_wconf 88' lang='lat' dir='ltr'>in</span> <span class='ocrx_word' id='word_1_198' title='bbox 349 1403 484 1426; x_wconf 85' lang='lat' dir='ltr'>montem.</span> <span class='ocrx_word' id='word_1_199' title='bbox 500 1397 597 1427; x_wconf 90' lang='lat' dir='ltr'>Omnis</span> <span class='ocrx_word' id='word_1_200' title='bbox 610 1398 706 1426; x_wconf 79' lang='lat' dir='ltr'>artifex</span> <span class='ocrx_word' id='word_1_201' title='bbox 720 1397 868 1426; x_wconf 84' lang='lat' dir='ltr'>secundum</span> <span class='ocrx_word' id='word_1_202' title='bbox 881 1398 983 1437; x_wconf 87' lang='lat' dir='ltr'>profes-</span> 
     </span>
     <span class='ocr_line' id='line_1_29' title="bbox 242 1436 984 1477; baseline 0.001 -12"><span class='ocrx_word' id='word_1_203' title='bbox 242 1437 344 1466; x_wconf 89' lang='lat' dir='ltr'>sionem</span> <span class='ocrx_word' id='word_1_204' title='bbox 357 1447 444 1472; x_wconf 90' lang='lat' dir='ltr'>suam,</span> <span class='ocrx_word' id='word_1_205' title='bbox 460 1438 686 1476; x_wconf 79' lang='lat' dir='ltr'>opportunitatem</span> <span class='ocrx_word' id='word_1_206' title='bbox 699 1436 787 1476; x_wconf 88' lang='lat' dir='ltr'>operis</span> <span class='ocrx_word' id='word_1_207' title='bbox 796 1436 906 1473; x_wconf 76' lang='lat' dir='ltr'>videns,</span> <span class='ocrx_word' id='word_1_208' title='bbox 920 1448 984 1477; x_wconf 84' lang='lat' dir='ltr'>gau-</span> 
     </span>
     <span class='ocr_line' id='line_1_30' title="bbox 242 1475 984 1515; baseline 0.003 -11"><span class='ocrx_word' id='word_1_209' title='bbox 242 1475 297 1504; x_wconf 89' lang='lat' dir='ltr'>det.</span> <span class='ocrx_word' id='word_1_210' title='bbox 313 1476 503 1515; x_wconf 85' lang='lat' dir='ltr'>Carpentarius</span> <span class='ocrx_word' id='word_1_211' title='bbox 513 1476 536 1504; x_wconf 91' lang='lat' dir='ltr'>si</span> <span class='ocrx_word' id='word_1_212' title='bbox 550 1475 648 1506; x_wconf 86' lang='lat' dir='ltr'>viderit</span> <span class='ocrx_word' id='word_1_213' title='bbox 659 1476 781 1505; x_wconf 83' lang='lat' dir='ltr'>arborem</span> <span class='ocrx_word' id='word_1_214' title='bbox 795 1477 902 1512; x_wconf 85' lang='lat' dir='ltr'>bonam,</span> <span class='ocrx_word' id='word_1_215' title='bbox 918 1487 984 1506; x_wconf 89' lang='lat' dir='ltr'>con-</span> 
     </span>
    </p>

    <p class='ocr_par' dir='ltr' id='par_1_5' title="bbox 227 1514 983 1869">
     <span class='ocr_line' id='line_1_31' title="bbox 227 1514 982 1554; baseline 0.003 -11"><span class='ocrx_word' id='word_1_216' title='bbox 227 1515 357 1554; x_wconf 84' lang='lat' dir='ltr'>·cupiscit</span> <span class='ocrx_word' id='word_1_217' title='bbox 378 1525 437 1543; x_wconf 83' lang='lat' dir='ltr'>eam</span> <span class='ocrx_word' id='word_1_218' title='bbox 458 1515 632 1554; x_wconf 86' lang='lat' dir='ltr'>praescindere</span> <span class='ocrx_word' id='word_1_219' title='bbox 651 1514 686 1543; x_wconf 88' lang='lat' dir='ltr'>ad</span> <span class='ocrx_word' id='word_1_220' title='bbox 708 1525 776 1554; x_wconf 89' lang='lat' dir='ltr'>opus</span> <span class='ocrx_word' id='word_1_221' title='bbox 794 1515 900 1544; x_wconf 85' lang='lat' dir='ltr'>artificii</span> <span class='ocrx_word' id='word_1_222' title='bbox 919 1516 982 1552; x_wconf 83' lang='lat' dir='ltr'>sui3</span> 
     </span>
     <span class='ocr_line' id='line_1_32' title="bbox 240 1553 983 1593; baseline 0.004 -12"><span class='ocrx_word' id='word_1_223' title='bbox 240 1554 357 1592; x_wconf 83' lang='lat' dir='ltr'>agricola</span> <span class='ocrx_word' id='word_1_224' title='bbox 371 1553 393 1582; x_wconf 84' lang='lat' dir='ltr'>si</span> <span class='ocrx_word' id='word_1_225' title='bbox 407 1553 505 1583; x_wconf 86' lang='lat' dir='ltr'>viderit</span> <span class='ocrx_word' id='word_1_226' title='bbox 519 1561 615 1583; x_wconf 85' lang='lat' dir='ltr'>terram</span> <span class='ocrx_word' id='word_1_227' title='bbox 626 1554 765 1593; x_wconf 81' lang='lat' dir='ltr'>pinguem,</span> <span class='ocrx_word' id='word_1_228' title='bbox 780 1553 912 1583; x_wconf 84' lang='lat' dir='ltr'>desiderat</span> <span class='ocrx_word' id='word_1_229' title='bbox 925 1565 983 1584; x_wconf 89' lang='lat' dir='ltr'>eam</span> 
     </span>
     <span class='ocr_line' id='line_1_33' title="bbox 239 1592 983 1631; baseline 0.003 -10"><span class='ocrx_word' id='word_1_230' title='bbox 239 1603 322 1622; x_wconf 88' lang='lat' dir='ltr'>arare.</span> <span class='ocrx_word' id='word_1_231' title='bbox 337 1593 372 1622; x_wconf 92' lang='lat' dir='ltr'>Et</span> <span class='ocrx_word' id='word_1_232' title='bbox 385 1592 453 1631; x_wconf 86' lang='lat' dir='ltr'>quid</span> <span class='ocrx_word' id='word_1_233' title='bbox 474 1593 535 1622; x_wconf 91' lang='lat' dir='ltr'>dico</span> <span class='ocrx_word' id='word_1_234' title='bbox 557 1593 591 1622; x_wconf 91' lang='lat' dir='ltr'>de</span> <span class='ocrx_word' id='word_1_235' title='bbox 610 1592 785 1622; x_wconf 85' lang='lat' dir='ltr'>rationalibus</span> <span class='ocrx_word' id='word_1_236' title='bbox 806 1593 983 1623; x_wconf 72' lang='lat' dir='ltr'>hominibus?</span> 
     </span>
     <span class='ocr_line' id='line_1_34' title="bbox 238 1631 983 1671; baseline 0.004 -11"><span class='ocrx_word' id='word_1_237' title='bbox 238 1633 299 1671; x_wconf 90' lang='lat' dir='ltr'>Ipse</span> <span class='ocrx_word' id='word_1_238' title='bbox 324 1632 485 1661; x_wconf 86' lang='lat' dir='ltr'>irrationalis</span> <span class='ocrx_word' id='word_1_239' title='bbox 506 1643 592 1671; x_wconf 88' lang='lat' dir='ltr'>equus</span> <span class='ocrx_word' id='word_1_240' title='bbox 614 1631 649 1661; x_wconf 89' lang='lat' dir='ltr'>de</span> <span class='ocrx_word' id='word_1_241' title='bbox 667 1632 774 1661; x_wconf 89' lang='lat' dir='ltr'>stabulo</span> <span class='ocrx_word' id='word_1_242' title='bbox 794 1632 932 1670; x_wconf 78' lang='lat' dir='ltr'>exsiliens,</span> <span class='ocrx_word' id='word_1_243' title='bbox 959 1634 983 1663; x_wconf 89' lang='lat' dir='ltr'>si</span> 
     </span>
     <span class='ocr_line' id='line_1_35' title="bbox 238 1671 983 1712; baseline 0.003 -12"><span class='ocrx_word' id='word_1_244' title='bbox 238 1671 336 1701; x_wconf 83' lang='lat' dir='ltr'>viderit</span> <span class='ocrx_word' id='word_1_245' title='bbox 349 1681 457 1711; x_wconf 85' lang='lat' dir='ltr'>campos</span> <span class='ocrx_word' id='word_1_246' title='bbox 467 1678 593 1712; x_wconf 82' lang='lat' dir='ltr'>patentes,</span> <span class='ocrx_word' id='word_1_247' title='bbox 606 1672 675 1711; x_wconf 88' lang='lat' dir='ltr'>rapit</span> <span class='ocrx_word' id='word_1_248' title='bbox 689 1672 805 1708; x_wconf 82' lang='lat' dir='ltr'>frenum,</span> <span class='ocrx_word' id='word_1_249' title='bbox 815 1678 839 1701; x_wconf 86' lang='lat' dir='ltr'>et</span> <span class='ocrx_word' id='word_1_250' title='bbox 852 1672 983 1702; x_wconf 80' lang='lat' dir='ltr'>excitatur</span> 
     </span>
     <span class='ocr_line' id='line_1_36' title="bbox 237 1711 982 1742; baseline 0.004 -3"><span class='ocrx_word' id='word_1_251' title='bbox 237 1711 273 1740; x_wconf 93' lang='lat' dir='ltr'>ad</span> <span class='ocrx_word' id='word_1_252' title='bbox 287 1721 396 1740; x_wconf 86' lang='lat' dir='ltr'>cursum</span> <span class='ocrx_word' id='word_1_253' title='bbox 412 1723 418 1739; x_wconf 89' lang='lat'>:</span> <span class='ocrx_word' id='word_1_254' title='bbox 435 1712 473 1741; x_wconf 88' lang='lat' dir='ltr'>sic</span> <span class='ocrx_word' id='word_1_255' title='bbox 487 1719 513 1740; x_wconf 90' lang='lat' dir='ltr'>et</span> <span class='ocrx_word' id='word_1_256' title='bbox 527 1712 658 1740; x_wconf 55' lang='lat' dir='ltr'>Dominus</span> <span class='ocrx_word' id='word_1_257' title='bbox 673 1711 767 1741; x_wconf 86' lang='lat' dir='ltr'>videns</span> <span class='ocrx_word' id='word_1_258' title='bbox 781 1722 822 1739; x_wconf 89' lang='lat' dir='ltr'>ma</span> <span class='ocrx_word' id='word_1_259' title='bbox 844 1722 903 1740; x_wconf 90' lang='lat' dir='ltr'>nam</span> <span class='ocrx_word' id='word_1_260' title='bbox 916 1723 982 1742; x_wconf 88' lang='lat' dir='ltr'>con-</span> 
     </span>
     <span class='ocr_line' id='line_1_37' title="bbox 237 1750 979 1791; baseline 0.004 -12"><span class='ocrx_word' id='word_1_261' title='bbox 237 1751 416 1790; x_wconf 80' lang='lat' dir='ltr'>gregationem</span> <span class='ocrx_word' id='word_1_262' title='bbox 430 1750 536 1791; x_wconf 81' lang='lat' dir='ltr'>populi,</span> <span class='ocrx_word' id='word_1_263' title='bbox 551 1751 681 1780; x_wconf 81' lang='lat' dir='ltr'>excitatus</span> <span class='ocrx_word' id='word_1_264' title='bbox 705 1758 745 1780; x_wconf 88' lang='lat' dir='ltr'>est</span> <span class='ocrx_word' id='word_1_265' title='bbox 769 1750 803 1779; x_wconf 87' lang='lat' dir='ltr'>ad</span> <span class='ocrx_word' id='word_1_266' title='bbox 836 1751 979 1782; x_wconf 80' lang='lat' dir='ltr'>ocendum.</span> 
     </span>
     <span class='ocr_line' id='line_1_38' title="bbox 237 1789 980 1831; baseline 0.003 -12"><span class='ocrx_word' id='word_1_267' title='bbox 237 1791 282 1820; x_wconf 91' lang='lat' dir='ltr'>Sic</span> <span class='ocrx_word' id='word_1_268' title='bbox 295 1797 321 1819; x_wconf 87' lang='lat' dir='ltr'>et</span> <span class='ocrx_word' id='word_1_269' title='bbox 334 1790 421 1818; x_wconf 89' lang='lat' dir='ltr'>omnis</span> <span class='ocrx_word' id='word_1_270' title='bbox 440 1790 561 1819; x_wconf 85' lang='lat' dir='ltr'>sacerdos</span> <span class='ocrx_word' id='word_1_271' title='bbox 581 1800 643 1819; x_wconf 87' lang='lat' dir='ltr'>cum</span> <span class='ocrx_word' id='word_1_272' title='bbox 658 1789 756 1819; x_wconf 86' lang='lat' dir='ltr'>viderit</span> <span class='ocrx_word' id='word_1_273' title='bbox 770 1790 908 1819; x_wconf 89' lang='lat' dir='ltr'>ecclesiam</span> <span class='ocrx_word' id='word_1_274' title='bbox 922 1792 980 1831; x_wconf 88' lang='lat' dir='ltr'>ple-</span> 
     </span>
     <span class='ocr_line' id='line_1_39' title="bbox 237 1829 979 1869; baseline 0.003 -11"><span class='ocrx_word' id='word_1_275' title='bbox 237 1839 308 1865; x_wconf 87' lang='lat' dir='ltr'>nam,</span> <span class='ocrx_word' id='word_1_276' title='bbox 319 1829 416 1867; x_wconf 83' lang='lat' dir='ltr'>gaudet</span> <span class='ocrx_word' id='word_1_277' title='bbox 426 1830 532 1858; x_wconf 84' lang='lat' dir='ltr'>animus</span> <span class='ocrx_word' id='word_1_278' title='bbox 545 1830 615 1869; x_wconf 86' lang='lat' dir='ltr'>ejus,</span> <span class='ocrx_word' id='word_1_279' title='bbox 629 1835 655 1858; x_wconf 92' lang='lat' dir='ltr'>et</span> <span class='ocrx_word' id='word_1_280' title='bbox 668 1829 815 1858; x_wconf 82' lang='lat' dir='ltr'>delectatur</span> <span class='ocrx_word' id='word_1_281' title='bbox 828 1836 856 1858; x_wconf 83' lang='lat' dir='ltr'>ut</span> <span class='ocrx_word' id='word_1_282' title='bbox 869 1829 979 1860; x_wconf 87' lang='lat' dir='ltr'>doceat:</span> 
     </span>
    </p>
   </div>
   <div class='ocr_carea' id='block_1_5' title="bbox 236 1868 997 1907">
    <p class='ocr_par' dir='ltr' id='par_1_6' title="bbox 236 1868 997 1907">
     <span class='ocr_line' id='line_1_40' title="bbox 236 1868 997 1907; baseline 0.004 -10"><span class='ocrx_word' id='word_1_283' title='bbox 236 1869 259 1898; x_wconf 91' lang='lat' dir='ltr'>si</span> <span class='ocrx_word' id='word_1_284' title='bbox 274 1868 476 1898; x_wconf 85' lang='lat' dir='ltr'>antem-viderit</span> <span class='ocrx_word' id='word_1_285' title='bbox 496 1868 633 1898; x_wconf 88' lang='lat' dir='ltr'>ecclesiam</span> <span class='ocrx_word' id='word_1_286' title='bbox 655 1879 777 1903; x_wconf 83' lang='lat' dir='ltr'>vacuam,</span> <span class='ocrx_word' id='word_1_287' title='bbox 794 1869 979 1907; x_wconf 81' lang='lat' dir='ltr'>confunditur,</span> <span class='ocrx_word' id='word_1_288' title='bbox 995 1875 997 1878; x_wconf 81' lang='grc'>’</span> 
     </span>
    </p>
   </div>
   <div class='ocr_carea' id='block_1_6' title="bbox 86 1907 981 2536">
    <p class='ocr_par' dir='ltr' id='par_1_7' title="bbox 237 1907 978 1947">
     <span class='ocr_line' id='line_1_41' title="bbox 237 1907 978 1947; baseline 0.004 -11"><span class='ocrx_word' id='word_1_289' title='bbox 237 1915 262 1937; x_wconf 88' lang='lat' dir='ltr'>et</span> <span class='ocrx_word' id='word_1_290' title='bbox 287 1908 355 1936; x_wconf 89' lang='lat' dir='ltr'>nihil</span> <span class='ocrx_word' id='word_1_291' title='bbox 385 1907 475 1937; x_wconf 86' lang='lat' dir='ltr'>dicere</span> <span class='ocrx_word' id='word_1_292' title='bbox 496 1914 593 1947; x_wconf 83' lang='lat' dir='ltr'>potest.</span> <span class='ocrx_word' id='word_1_293' title='bbox 617 1907 762 1936; x_wconf 81' lang='lat' dir='ltr'>Ascendit</span> <span class='ocrx_word' id='word_1_294' title='bbox 782 1909 815 1935; x_wconf 84' lang='lat' dir='ltr'>in</span> <span class='ocrx_word' id='word_1_295' title='bbox 841 1916 978 1939; x_wconf 86' lang='lat' dir='ltr'>montem.</span> 
     </span>
    </p>

    <p class='ocr_par' dir='ltr' id='par_1_8' title="bbox 86 1946 981 2536">
     <span class='ocr_line' id='line_1_42' title="bbox 161 1946 980 1993; baseline 0.005 -18"><span class='ocrx_word' id='word_1_296' title='bbox 161 1972 185 1993; x_wconf 67' lang='lat' dir='ltr'>m</span> <span class='ocrx_word' id='word_1_297' title='bbox 208 1973 213 1978; x_wconf 86' lang='grc'>,</span> <span class='ocrx_word' id='word_1_298' title='bbox 237 1947 379 1985; x_wconf 88' lang='lat' dir='ltr'>Numquid</span> <span class='ocrx_word' id='word_1_299' title='bbox 390 1957 443 1976; x_wconf 91' lang='lat' dir='ltr'>non</span> <span class='ocrx_word' id='word_1_300' title='bbox 454 1953 556 1986; x_wconf 87' lang='lat' dir='ltr'>poterat</span> <span class='ocrx_word' id='word_1_301' title='bbox 570 1947 606 1975; x_wconf 93' lang='lat' dir='ltr'>ibi</span> <span class='ocrx_word' id='word_1_302' title='bbox 621 1946 726 1983; x_wconf 85' lang='lat' dir='ltr'>docere,</span> <span class='ocrx_word' id='word_1_303' title='bbox 736 1947 784 1976; x_wconf 90' lang='lat' dir='ltr'>ubi</span> <span class='ocrx_word' id='word_1_304' title='bbox 794 1948 849 1986; x_wconf 86' lang='lat' dir='ltr'>jam</span> <span class='ocrx_word' id='word_1_305' title='bbox 863 1949 980 1988; x_wconf 88' lang='lat' dir='ltr'>populus</span> 
     </span>
     <span class='ocr_line' id='line_1_43' title="bbox 86 1973 977 2025; baseline 0.004 -11"><span class='ocrx_word' id='word_1_306' title='bbox 86 1973 175 2024; x_wconf 51' lang='lat'>„5:¹¹¹”</span> <span class='ocrx_word' id='word_1_307' title='bbox 185 1980 228 2024; x_wconf 46' lang='grc' dir='ltr'>ἕξ</span> <span class='ocrx_word' id='word_1_308' title='bbox 239 1987 315 2015; x_wconf 82' lang='lat' dir='ltr'>erat?</span> <span class='ocrx_word' id='word_1_309' title='bbox 330 1986 385 2016; x_wconf 88' lang='lat' dir='ltr'>Sed</span> <span class='ocrx_word' id='word_1_310' title='bbox 398 1993 507 2025; x_wconf 89' lang='lat' dir='ltr'>propter</span> <span class='ocrx_word' id='word_1_311' title='bbox 519 1985 587 2014; x_wconf 88' lang='lat' dir='ltr'>duas</span> <span class='ocrx_word' id='word_1_312' title='bbox 600 1986 714 2015; x_wconf 86' lang='lat' dir='ltr'>rationes</span> <span class='ocrx_word' id='word_1_313' title='bbox 727 1986 846 2015; x_wconf 88' lang='lat' dir='ltr'>ascendit</span> <span class='ocrx_word' id='word_1_314' title='bbox 859 1987 886 2015; x_wconf 92' lang='lat' dir='ltr'>in</span> <span class='ocrx_word' id='word_1_315' title='bbox 898 1999 977 2018; x_wconf 91' lang='lat' dir='ltr'>mon—</span> 
     </span>
     <span class='ocr_line' id='line_1_44' title="bbox 87 2025 980 2065; baseline 0.003 -11"><span class='ocrx_word' id='word_1_316' title='bbox 87 2038 147 2054; x_wconf 71' lang='lat' dir='ltr'>cmt</span> <span class='ocrx_word' id='word_1_317' title='bbox 159 2049 165 2058; x_wconf 80' lang='grc'><strong>.</strong></span> <span class='ocrx_word' id='word_1_318' title='bbox 206 2035 228 2054; x_wconf 75' lang='lat' dir='ltr'>iu</span> <span class='ocrx_word' id='word_1_319' title='bbox 239 2032 302 2054; x_wconf 92' lang='lat' dir='ltr'>tem.</span> <span class='ocrx_word' id='word_1_320' title='bbox 332 2025 467 2061; x_wconf 85' lang='lat' dir='ltr'>Primum,</span> <span class='ocrx_word' id='word_1_321' title='bbox 494 2031 522 2053; x_wconf 89' lang='lat' dir='ltr'>ut</span> <span class='ocrx_word' id='word_1_322' title='bbox 548 2025 670 2065; x_wconf 87' lang='lat' dir='ltr'>impleret</span> <span class='ocrx_word' id='word_1_323' title='bbox 699 2025 868 2065; x_wconf 84' lang='lat' dir='ltr'>prophetiam</span> <span class='ocrx_word' id='word_1_324' title='bbox 893 2028 980 2056; x_wconf 80' lang='lat' dir='ltr'>Esaiae</span> 
     </span>
     <span class='ocr_line' id='line_1_45' title="bbox 87 2064 977 2103; baseline 0.003 -11"><span class='ocrx_word' id='word_1_325' title='bbox 87 2068 196 2100; x_wconf 40' lang='lat' dir='ltr'>mmmm·</span> <span class='ocrx_word' id='word_1_326' title='bbox 238 2064 351 2093; x_wconf 91' lang='lat' dir='ltr'>dicentis</span> <span class='ocrx_word' id='word_1_327' title='bbox 367 2076 373 2092; x_wconf 73' lang='grc' dir='ltr'><strong>ε</strong></span> <span class='ocrx_word' id='word_1_328' title='bbox 389 2064 481 2103; x_wconf 83' lang='lat' dir='ltr'>Super</span> <span class='ocrx_word' id='word_1_329' title='bbox 494 2071 619 2093; x_wconf 85' lang='lat' dir='ltr'>montem</span> <span class='ocrx_word' id='word_1_330' title='bbox 633 2066 779 2094; x_wconf 75' lang='lat' dir='ltr'>excelsum</span> <span class='ocrx_word' id='word_1_331' title='bbox 798 2067 922 2094; x_wconf 84' lang='lat' dir='ltr'>ascende</span> <span class='ocrx_word' id='word_1_332' title='bbox 934 2073 977 2103; x_wconf 88' lang='lat' dir='ltr'>tu,</span> 
     </span>
     <span class='ocr_line' id='line_1_46' title="bbox 86 2095 979 2147; baseline 0.006 -17"><span class='ocrx_word' id='word_1_333' title='bbox 86 2095 216 2147; x_wconf 42' lang='lat'>23‘02‘33*</span> <span class='ocrx_word' id='word_1_334' title='bbox 238 2106 289 2143; x_wconf 86' lang='lat' dir='ltr'>qui</span> <span class='ocrx_word' id='word_1_335' title='bbox 300 2105 372 2131; x_wconf 86' lang='lat' dir='ltr'>bene</span> <span class='ocrx_word' id='word_1_336' title='bbox 385 2105 544 2132; x_wconf 82' lang='lat' dir='ltr'>annuntias</span> <span class='ocrx_word' id='word_1_337' title='bbox 555 2103 636 2132; x_wconf 81' lang='lat' dir='ltr'>Sion.</span> <span class='ocrx_word' id='word_1_338' title='bbox 651 2103 767 2139; x_wconf 88' lang='lat' dir='ltr'>Deinde,</span> <span class='ocrx_word' id='word_1_339' title='bbox 780 2110 808 2131; x_wconf 86' lang='lat' dir='ltr'>ut</span> <span class='ocrx_word' id='word_1_340' title='bbox 820 2106 979 2144; x_wconf 85' lang='lat' dir='ltr'>mysterium</span> 
     </span>
     <span class='ocr_line' id='line_1_47' title="bbox 107 2132 979 2183; baseline 0.005 -13"><span class='ocrx_word' id='word_1_341' title='bbox 107 2133 134 2147; x_wconf 73' lang='lat'>⁸¹¹</span> <span class='ocrx_word' id='word_1_342' title='bbox 147 2133 170 2154; x_wconf 73' lang='lat'>&#39;⁴&#39;</span> <span class='ocrx_word' id='word_1_343' title='bbox 188 2139 194 2146; x_wconf 88' lang='lat'>&#39;</span> <span class='ocrx_word' id='word_1_344' title='bbox 203 2132 226 2155; x_wconf 67' lang='lat'>9⁸</span> <span class='ocrx_word' id='word_1_345' title='bbox 237 2142 343 2182; x_wconf 87' lang='lat' dir='ltr'>pietatis</span> <span class='ocrx_word' id='word_1_346' title='bbox 353 2142 512 2171; x_wconf 89' lang='lat' dir='ltr'>ostenderet.</span> <span class='ocrx_word' id='word_1_347' title='bbox 527 2144 651 2172; x_wconf 85' lang='lat' dir='ltr'>Ascensio</span> <span class='ocrx_word' id='word_1_348' title='bbox 662 2143 733 2172; x_wconf 88' lang='lat' dir='ltr'>enirn</span> <span class='ocrx_word' id='word_1_349' title='bbox 745 2144 803 2183; x_wconf 88' lang='lat' dir='ltr'>ejus</span> <span class='ocrx_word' id='word_1_350' title='bbox 815 2150 853 2172; x_wconf 88' lang='lat' dir='ltr'>est</span> <span class='ocrx_word' id='word_1_351' title='bbox 862 2145 979 2174; x_wconf 84' lang='lat' dir='ltr'>altitudo</span> 
     </span>
     <span class='ocr_line' id='line_1_48' title="bbox 237 2182 980 2221; baseline 0.005 -11"><span class='ocrx_word' id='word_1_352' title='bbox 237 2182 378 2211; x_wconf 89' lang='lat' dir='ltr'>virtutum.</span> <span class='ocrx_word' id='word_1_353' title='bbox 396 2182 522 2211; x_wconf 84' lang='lat' dir='ltr'>Ascendit</span> <span class='ocrx_word' id='word_1_354' title='bbox 539 2193 602 2221; x_wconf 84' lang='lat' dir='ltr'>crgo</span> <span class='ocrx_word' id='word_1_355' title='bbox 617 2183 644 2211; x_wconf 89' lang='lat' dir='ltr'>in</span> <span class='ocrx_word' id='word_1_356' title='bbox 659 2190 790 2218; x_wconf 88' lang='lat' dir='ltr'>montem,</span> <span class='ocrx_word' id='word_1_357' title='bbox 807 2189 837 2211; x_wconf 93' lang='lat' dir='ltr'>ut</span> <span class='ocrx_word' id='word_1_358' title='bbox 858 2185 980 2214; x_wconf 89' lang='lat' dir='ltr'>ostendat</span> 
     </span>
     <span class='ocr_line' id='line_1_49' title="bbox 236 2221 980 2261; baseline 0.005 -12"><span class='ocrx_word' id='word_1_359' title='bbox 236 2221 314 2250; x_wconf 88' lang='lat' dir='ltr'>nohis</span> <span class='ocrx_word' id='word_1_360' title='bbox 323 2221 450 2259; x_wconf 90' lang='lat' dir='ltr'>quoniam</span> <span class='ocrx_word' id='word_1_361' title='bbox 462 2222 488 2250; x_wconf 88' lang='lat' dir='ltr'>in</span> <span class='ocrx_word' id='word_1_362' title='bbox 500 2221 642 2250; x_wconf 85' lang='lat' dir='ltr'>altitudine</span> <span class='ocrx_word' id='word_1_363' title='bbox 655 2222 838 2261; x_wconf 84' lang='lat' dir='ltr'>spiritualium</span> <span class='ocrx_word' id='word_1_364' title='bbox 846 2224 980 2253; x_wconf 87' lang='lat' dir='ltr'>virtutum</span> 
     </span>
     <span class='ocr_line' id='line_1_50' title="bbox 236 2259 980 2301; baseline 0.005 -12"><span class='ocrx_word' id='word_1_365' title='bbox 236 2260 378 2289; x_wconf 88' lang='lat' dir='ltr'>consistere</span> <span class='ocrx_word' id='word_1_366' title='bbox 387 2259 465 2290; x_wconf 88' lang='lat' dir='ltr'>debet</span> <span class='ocrx_word' id='word_1_367' title='bbox 478 2261 524 2299; x_wconf 91' lang='lat' dir='ltr'>qui</span> <span class='ocrx_word' id='word_1_368' title='bbox 538 2260 615 2290; x_wconf 89' lang='lat' dir='ltr'>docet</span> <span class='ocrx_word' id='word_1_369' title='bbox 624 2261 757 2300; x_wconf 85' lang='lat' dir='ltr'>justitiam</span> <span class='ocrx_word' id='word_1_370' title='bbox 771 2261 832 2296; x_wconf 87' lang='lat' dir='ltr'>Dei,</span> <span class='ocrx_word' id='word_1_371' title='bbox 841 2263 941 2301; x_wconf 87' lang='lat' dir='ltr'>pariter</span> <span class='ocrx_word' id='word_1_372' title='bbox 954 2271 980 2293; x_wconf 91' lang='lat' dir='ltr'>et</span> 
     </span>
     <span class='ocr_line' id='line_1_51' title="bbox 236 2299 979 2342; baseline 0.005 -14"><span class='ocrx_word' id='word_1_373' title='bbox 236 2300 284 2338; x_wconf 91' lang='lat' dir='ltr'>qui</span> <span class='ocrx_word' id='word_1_374' title='bbox 298 2299 384 2328; x_wconf 87' lang='lat' dir='ltr'>audit.</span> <span class='ocrx_word' id='word_1_375' title='bbox 401 2300 456 2336; x_wconf 88' lang='lat' dir='ltr'>Qui</span> <span class='ocrx_word' id='word_1_376' title='bbox 469 2299 556 2337; x_wconf 87' lang='lat' dir='ltr'>docet,</span> <span class='ocrx_word' id='word_1_377' title='bbox 571 2301 717 2330; x_wconf 87' lang='lat' dir='ltr'>verborum</span> <span class='ocrx_word' id='word_1_378' title='bbox 733 2311 844 2329; x_wconf 87' lang='lat' dir='ltr'>suorum</span> <span class='ocrx_word' id='word_1_379' title='bbox 866 2302 900 2331; x_wconf 93' lang='lat' dir='ltr'>sit</span> <span class='ocrx_word' id='word_1_380' title='bbox 923 2303 979 2342; x_wconf 90' lang='lat' dir='ltr'>ipse</span> 
     </span>
     <span class='ocr_line' id='line_1_52' title="bbox 236 2338 978 2379; baseline 0.004 -11"><span class='ocrx_word' id='word_1_381' title='bbox 236 2338 403 2378; x_wconf 80' lang='lat' dir='ltr'>exemplum,</span> <span class='ocrx_word' id='word_1_382' title='bbox 419 2346 450 2368; x_wconf 92' lang='lat' dir='ltr'>ut</span> <span class='ocrx_word' id='word_1_383' title='bbox 462 2340 546 2379; x_wconf 84' lang='lat' dir='ltr'>magis</span> <span class='ocrx_word' id='word_1_384' title='bbox 559 2350 639 2379; x_wconf 86' lang='lat' dir='ltr'>opere</span> <span class='ocrx_word' id='word_1_385' title='bbox 650 2339 743 2368; x_wconf 85' lang='lat' dir='ltr'>doceat</span> <span class='ocrx_word' id='word_1_386' title='bbox 754 2350 835 2378; x_wconf 86' lang='lat' dir='ltr'>quam</span> <span class='ocrx_word' id='word_1_387' title='bbox 847 2351 978 2379; x_wconf 86' lang='lat' dir='ltr'>sermone,</span> 
     </span>
     <span class='ocr_line' id='line_1_53' title="bbox 236 2378 979 2420; baseline 0.004 -13"><span class='ocrx_word' id='word_1_388' title='bbox 236 2378 306 2408; x_wconf 88' lang='lat' dir='ltr'>sicut</span> <span class='ocrx_word' id='word_1_389' title='bbox 320 2378 357 2407; x_wconf 91' lang='lat' dir='ltr'>ait</span> <span class='ocrx_word' id='word_1_390' title='bbox 376 2379 511 2418; x_wconf 87' lang='lat' dir='ltr'>apostolus</span> <span class='ocrx_word' id='word_1_391' title='bbox 535 2379 570 2408; x_wconf 87' lang='lat' dir='ltr'>ad</span> <span class='ocrx_word' id='word_1_392' title='bbox 591 2378 766 2408; x_wconf 86' lang='lat' dir='ltr'>Timotheum</span> <span class='ocrx_word' id='word_1_393' title='bbox 781 2391 787 2407; x_wconf 81' lang='lat' dir='ltr'>z</span> <span class='ocrx_word' id='word_1_394' title='bbox 804 2380 979 2420; x_wconf 70' lang='lat' dir='ltr'>Exemplum</span> 
     </span>
     <span class='ocr_line' id='line_1_54' title="bbox 237 2418 979 2460; baseline 0.005 -14"><span class='ocrx_word' id='word_1_395' title='bbox 237 2424 298 2447; x_wconf 84' lang='lat' dir='ltr'>esto</span> <span class='ocrx_word' id='word_1_396' title='bbox 312 2420 441 2446; x_wconf 85' lang='lat' dir='ltr'>omnium</span> <span class='ocrx_word' id='word_1_397' title='bbox 458 2418 603 2458; x_wconf 82' lang='lat' dir='ltr'>fidelium.</span> <span class='ocrx_word' id='word_1_398' title='bbox 617 2418 673 2455; x_wconf 90' lang='lat' dir='ltr'>Qui</span> <span class='ocrx_word' id='word_1_399' title='bbox 686 2426 776 2447; x_wconf 89' lang='lat' dir='ltr'>autem</span> <span class='ocrx_word' id='word_1_400' title='bbox 797 2419 917 2449; x_wconf 86' lang='lat' dir='ltr'>ambulat</span> <span class='ocrx_word' id='word_1_401' title='bbox 931 2432 979 2460; x_wconf 91' lang='lat' dir='ltr'>per</span> 
     </span>
     <span class='ocr_line' id='line_1_55' title="bbox 237 2457 980 2497; baseline 0.004 -11"><span class='ocrx_word' id='word_1_402' title='bbox 237 2457 370 2487; x_wconf 87' lang='lat' dir='ltr'>convallia</span> <span class='ocrx_word' id='word_1_403' title='bbox 383 2457 445 2487; x_wconf 86' lang='lat' dir='ltr'>vitae</span> <span class='ocrx_word' id='word_1_404' title='bbox 456 2464 576 2494; x_wconf 85' lang='lat' dir='ltr'>terrenae,</span> <span class='ocrx_word' id='word_1_405' title='bbox 589 2458 715 2487; x_wconf 86' lang='lat' dir='ltr'>obscuras</span> <span class='ocrx_word' id='word_1_406' title='bbox 726 2458 833 2487; x_wconf 82' lang='lat' dir='ltr'>semitas</span> <span class='ocrx_word' id='word_1_407' title='bbox 847 2459 942 2497; x_wconf 90' lang='lat' dir='ltr'>calcat,</span> <span class='ocrx_word' id='word_1_408' title='bbox 954 2467 980 2490; x_wconf 88' lang='lat' dir='ltr'>et</span> 
     </span>
     <span class='ocr_line' id='line_1_56' title="bbox 237 2495 981 2536; baseline 0.005 -11"><span class='ocrx_word' id='word_1_409' title='bbox 237 2495 357 2535; x_wconf 89' lang='lat' dir='ltr'>loquitur</span> <span class='ocrx_word' id='word_1_410' title='bbox 367 2497 435 2527; x_wconf 89' lang='lat' dir='ltr'>altos</span> <span class='ocrx_word' id='word_1_411' title='bbox 447 2507 580 2527; x_wconf 73' lang='lat' dir='ltr'>sermones</span> <span class='ocrx_word' id='word_1_412' title='bbox 591 2509 597 2526; x_wconf 88' lang='lat'>:</span> <span class='ocrx_word' id='word_1_413' title='bbox 612 2507 665 2527; x_wconf 87' lang='lat' dir='ltr'>non</span> <span class='ocrx_word' id='word_1_414' title='bbox 677 2497 794 2527; x_wconf 85' lang='lat' dir='ltr'>alterum</span> <span class='ocrx_word' id='word_1_415' title='bbox 805 2497 923 2536; x_wconf 87' lang='lat' dir='ltr'>instruit,</span> <span class='ocrx_word' id='word_1_416' title='bbox 932 2499 981 2529; x_wconf 89' lang='lat' dir='ltr'>sed</span> 
     </span>
    </p>
   </div>
   <div class='ocr_carea' id='block_1_7' title="bbox 88 2397 225 2452">
    <p class='ocr_par' dir='ltr' id='par_1_9' title="bbox 88 2397 225 2452">
     <span class='ocr_line' id='line_1_57' title="bbox 88 2397 225 2427; baseline -0.007 -7"><span class='ocrx_word' id='word_1_417' title='bbox 88 2407 109 2422; x_wconf 81' lang='lat'>1.</span> <span class='ocrx_word' id='word_1_418' title='bbox 125 2397 183 2420; x_wconf 86' lang='lat' dir='ltr'>Tim.</span> <span class='ocrx_word' id='word_1_419' title='bbox 202 2398 225 2427; x_wconf 97' lang='lat'>4.</span> 
     </span>
     <span class='ocr_line' id='line_1_58' title="bbox 91 2435 127 2452; baseline 0.056 -2"><span class='ocrx_word' id='word_1_420' title='bbox 91 2435 127 2452; x_wconf 75' lang='lat'>12·</span> 
     </span>
    </p>
   </div>
   <div class='ocr_carea' id='block_1_8' title="bbox 839 191 1190 215">
    <p class='ocr_par' dir='ltr' id='par_1_10' title="bbox 839 191 1190 215">
     <span class='ocr_line' id='line_1_59' title="bbox 839 191 1190 215; baseline 0 -1"><span class='ocrx_word' id='word_1_421' title='bbox 839 191 924 214; x_wconf 82' lang='lat' dir='ltr'>OPUS</span> <span class='ocrx_word' id='word_1_422' title='bbox 952 191 1190 215; x_wconf 74' lang='lat' dir='ltr'>lMPERFEC&#39;rUM</span> 
     </span>
    </p>
   </div>
   <div class='ocr_carea' id='block_1_9' title="bbox 998 253 1904 2543">
    <p class='ocr_par' dir='ltr' id='par_1_11' title="bbox 998 253 1904 2543">
     <span class='ocr_line' id='line_1_60' title="bbox 1001 253 1780 295; baseline 0.008 -14"><span class='ocrx_word' id='word_1_423' title='bbox 1001 255 1022 279; x_wconf 84' lang='grc' dir='ltr'><strong>Α</strong></span> <span class='ocrx_word' id='word_1_424' title='bbox 1038 253 1155 293; x_wconf 83' lang='lat' dir='ltr'>seipsum</span> <span class='ocrx_word' id='word_1_425' title='bbox 1182 253 1303 294; x_wconf 85' lang='lat' dir='ltr'>castigat.</span> <span class='ocrx_word' id='word_1_426' title='bbox 1319 254 1404 284; x_wconf 83' lang='lat' dir='ltr'>Nemo</span> <span class='ocrx_word' id='word_1_427' title='bbox 1414 254 1487 284; x_wconf 84' lang='lat' dir='ltr'>enim</span> <span class='ocrx_word' id='word_1_428' title='bbox 1500 261 1587 295; x_wconf 85' lang='lat' dir='ltr'>potest</span> <span class='ocrx_word' id='word_1_429' title='bbox 1601 255 1628 285; x_wconf 86' lang='lat' dir='ltr'>in</span> <span class='ocrx_word' id='word_1_430' title='bbox 1640 255 1713 286; x_wconf 78' lang='lat' dir='ltr'>valle</span> <span class='ocrx_word' id='word_1_431' title='bbox 1725 263 1780 287; x_wconf 75' lang='lat' dir='ltr'>sta-</span> 
     </span>
     <span class='ocr_line' id='line_1_61' title="bbox 1037 293 1780 332; baseline 0.007 -10"><span class='ocrx_word' id='word_1_432' title='bbox 1037 303 1082 329; x_wconf 87' lang='lat' dir='ltr'>re,</span> <span class='ocrx_word' id='word_1_433' title='bbox 1098 299 1124 322; x_wconf 91' lang='lat' dir='ltr'>et</span> <span class='ocrx_word' id='word_1_434' title='bbox 1145 293 1180 323; x_wconf 91' lang='lat' dir='ltr'>de</span> <span class='ocrx_word' id='word_1_435' title='bbox 1202 300 1290 324; x_wconf 85' lang='lat' dir='ltr'>monte</span> <span class='ocrx_word' id='word_1_436' title='bbox 1314 293 1389 332; x_wconf 87' lang='lat' dir='ltr'>loqui</span> <span class='ocrx_word' id='word_1_437' title='bbox 1403 306 1410 322; x_wconf 91' lang='lat'><strong>:</strong></span> <span class='ocrx_word' id='word_1_438' title='bbox 1425 293 1472 323; x_wconf 86' lang='lat' dir='ltr'>sed</span> <span class='ocrx_word' id='word_1_439' title='bbox 1493 301 1539 324; x_wconf 88' lang='lat' dir='ltr'>aut</span> <span class='ocrx_word' id='word_1_440' title='bbox 1564 295 1611 325; x_wconf 91' lang='lat' dir='ltr'>ubi</span> <span class='ocrx_word' id='word_1_441' title='bbox 1633 302 1701 332; x_wconf 85' lang='lat' dir='ltr'>stas,</span> <span class='ocrx_word' id='word_1_442' title='bbox 1716 297 1780 327; x_wconf 85' lang='lat' dir='ltr'>inde</span> 
     </span>
     <span class='ocr_line' id='line_1_62' title="bbox 1037 332 1780 372; baseline 0.007 -11"><span class='ocrx_word' id='word_1_443' title='bbox 1037 332 1163 370; x_wconf 84' lang='lat' dir='ltr'>loquere;</span> <span class='ocrx_word' id='word_1_444' title='bbox 1178 339 1226 362; x_wconf 89' lang='lat' dir='ltr'>aut</span> <span class='ocrx_word' id='word_1_445' title='bbox 1247 332 1317 362; x_wconf 83' lang='lat' dir='ltr'>unde</span> <span class='ocrx_word' id='word_1_446' title='bbox 1335 333 1464 372; x_wconf 86' lang='lat' dir='ltr'>loqueris,</span> <span class='ocrx_word' id='word_1_447' title='bbox 1477 334 1515 363; x_wconf 91' lang='lat' dir='ltr'>ibi</span> <span class='ocrx_word' id='word_1_448' title='bbox 1541 341 1590 364; x_wconf 87' lang='lat' dir='ltr'>sta.</span> <span class='ocrx_word' id='word_1_449' title='bbox 1605 335 1634 365; x_wconf 92' lang='lat' dir='ltr'>Si</span> <span class='ocrx_word' id='word_1_450' title='bbox 1661 335 1689 364; x_wconf 90' lang='lat' dir='ltr'>in</span> <span class='ocrx_word' id='word_1_451' title='bbox 1709 342 1780 366; x_wconf 82' lang='lat' dir='ltr'>terra</span> 
     </span>
     <span class='ocr_line' id='line_1_63' title="bbox 1037 372 1781 413; baseline 0.007 -13"><span class='ocrx_word' id='word_1_452' title='bbox 1037 378 1077 400; x_wconf 85' lang='lat' dir='ltr'>est</span> <span class='ocrx_word' id='word_1_453' title='bbox 1096 372 1201 402; x_wconf 89' lang='lat' dir='ltr'>animus</span> <span class='ocrx_word' id='word_1_454' title='bbox 1225 379 1299 409; x_wconf 90' lang='lat' dir='ltr'>tuus,</span> <span class='ocrx_word' id='word_1_455' title='bbox 1314 379 1345 402; x_wconf 89' lang='lat' dir='ltr'>ut</span> <span class='ocrx_word' id='word_1_456' title='bbox 1364 372 1432 411; x_wconf 86' lang='lat' dir='ltr'>quid</span> <span class='ocrx_word' id='word_1_457' title='bbox 1450 373 1485 402; x_wconf 89' lang='lat' dir='ltr'>de</span> <span class='ocrx_word' id='word_1_458' title='bbox 1505 374 1570 403; x_wconf 76' lang='lat' dir='ltr'>caelo</span> <span class='ocrx_word' id='word_1_459' title='bbox 1590 375 1731 413; x_wconf 78' lang='lat' dir='ltr'>loqueris?</span> <span class='ocrx_word' id='word_1_460' title='bbox 1750 376 1781 406; x_wconf 92' lang='lat' dir='ltr'>Si</span> 
     </span>
     <span class='ocr_line' id='line_1_64' title="bbox 1035 411 1780 452; baseline 0.007 -13"><span class='ocrx_word' id='word_1_461' title='bbox 1035 420 1099 449; x_wconf 83' lang='lat' dir='ltr'>ergo</span> <span class='ocrx_word' id='word_1_462' title='bbox 1112 412 1139 440; x_wconf 91' lang='lat' dir='ltr'>in</span> <span class='ocrx_word' id='word_1_463' title='bbox 1163 418 1233 441; x_wconf 89' lang='lat' dir='ltr'>terra</span> <span class='ocrx_word' id='word_1_464' title='bbox 1252 418 1280 441; x_wconf 90' lang='lat' dir='ltr'>tu</span> <span class='ocrx_word' id='word_1_465' title='bbox 1302 418 1366 447; x_wconf 72' lang='lat' dir='ltr'>stas,</span> <span class='ocrx_word' id='word_1_466' title='bbox 1377 411 1411 441; x_wconf 89' lang='lat' dir='ltr'>de</span> <span class='ocrx_word' id='word_1_467' title='bbox 1424 419 1493 442; x_wconf 82' lang='lat' dir='ltr'>terra</span> <span class='ocrx_word' id='word_1_468' title='bbox 1516 413 1642 452; x_wconf 87' lang='lat' dir='ltr'>loquere:</span> <span class='ocrx_word' id='word_1_469' title='bbox 1656 415 1679 443; x_wconf 91' lang='lat' dir='ltr'>si</span> <span class='ocrx_word' id='word_1_470' title='bbox 1692 422 1780 444; x_wconf 88' lang='lat' dir='ltr'>autem</span> 
     </span>
     <span class='ocr_line' id='line_1_65' title="bbox 1036 449 1780 489; baseline 0.005 -10"><span class='ocrx_word' id='word_1_471' title='bbox 1036 449 1070 479; x_wconf 92' lang='lat' dir='ltr'>de</span> <span class='ocrx_word' id='word_1_472' title='bbox 1084 451 1150 479; x_wconf 86' lang='lat' dir='ltr'>caelo</span> <span class='ocrx_word' id='word_1_473' title='bbox 1173 451 1305 489; x_wconf 88' lang='lat' dir='ltr'>loqueris,</span> <span class='ocrx_word' id='word_1_474' title='bbox 1319 451 1347 479; x_wconf 93' lang='lat' dir='ltr'>in</span> <span class='ocrx_word' id='word_1_475' title='bbox 1361 451 1428 480; x_wconf 83' lang='lat' dir='ltr'>caelo</span> <span class='ocrx_word' id='word_1_476' title='bbox 1441 453 1564 488; x_wconf 86' lang='lat' dir='ltr'>consiste,</span> <span class='ocrx_word' id='word_1_477' title='bbox 1580 460 1611 482; x_wconf 91' lang='lat' dir='ltr'>ut</span> <span class='ocrx_word' id='word_1_478' title='bbox 1630 453 1704 483; x_wconf 86' lang='lat' dir='ltr'>dicas</span> <span class='ocrx_word' id='word_1_479' title='bbox 1717 465 1780 484; x_wconf 89' lang='lat' dir='ltr'>cum</span> 
     </span>
     <span class='ocr_line' id='line_1_66' title="bbox 1036 491 1903 533; baseline 0.007 -15"><span class='ocrx_word' id='word_1_480' title='bbox 1036 491 1156 528; x_wconf 87' lang='lat' dir='ltr'>apostolo</span> <span class='ocrx_word' id='word_1_481' title='bbox 1166 505 1173 519; x_wconf 90' lang='lat'>·.</span> <span class='ocrx_word' id='word_1_482' title='bbox 1184 492 1294 519; x_wconf 84' lang='lat' dir='ltr'>Nostra</span> <span class='ocrx_word' id='word_1_483' title='bbox 1304 497 1399 520; x_wconf 84' lang='lat' dir='ltr'>autem</span> <span class='ocrx_word' id='word_1_484' title='bbox 1408 494 1627 522; x_wconf 70' lang='lat' dir='ltr'>conver-saliatu</span> <span class='ocrx_word' id='word_1_485' title='bbox 1635 495 1715 522; x_wconf 85' lang='lat' dir='ltr'>coelis</span> <span class='ocrx_word' id='word_1_486' title='bbox 1724 501 1776 523; x_wconf 85' lang='lat' dir='ltr'>est.</span> <span class='ocrx_word' id='word_1_487' title='bbox 1788 508 1879 533; x_wconf 79' lang='lat' dir='ltr'>Phil.3.</span> <span class='ocrx_word' id='word_1_488' title='bbox 1889 515 1903 532; x_wconf 73' lang='lat'>2</span> 
     </span>
     <span class='ocr_line' id='line_1_67' title="bbox 1036 530 1779 571; baseline 0.007 -13"><span class='ocrx_word' id='word_1_489' title='bbox 1036 530 1086 558; x_wconf 91' lang='lat' dir='ltr'>Ille</span> <span class='ocrx_word' id='word_1_490' title='bbox 1099 537 1187 559; x_wconf 87' lang='lat' dir='ltr'>autem</span> <span class='ocrx_word' id='word_1_491' title='bbox 1209 530 1336 570; x_wconf 87' lang='lat' dir='ltr'>populus,</span> <span class='ocrx_word' id='word_1_492' title='bbox 1351 531 1399 569; x_wconf 89' lang='lat' dir='ltr'>qui</span> <span class='ocrx_word' id='word_1_493' title='bbox 1412 530 1488 560; x_wconf 82' lang='lat' dir='ltr'>audit</span> <span class='ocrx_word' id='word_1_494' title='bbox 1495 531 1628 571; x_wconf 87' lang='lat' dir='ltr'>justitiam</span> <span class='ocrx_word' id='word_1_495' title='bbox 1642 532 1705 569; x_wconf 89' lang='lat' dir='ltr'>Dei,</span> <span class='ocrx_word' id='word_1_496' title='bbox 1719 533 1779 563; x_wconf 90' lang='lat' dir='ltr'>ideo</span> 
     </span>
     <span class='ocr_line' id='line_1_68' title="bbox 1037 568 1778 610; baseline 0.007 -12"><span class='ocrx_word' id='word_1_497' title='bbox 1037 568 1114 598; x_wconf 86' lang='lat' dir='ltr'>debet</span> <span class='ocrx_word' id='word_1_498' title='bbox 1134 569 1160 598; x_wconf 93' lang='lat' dir='ltr'>in</span> <span class='ocrx_word' id='word_1_499' title='bbox 1181 570 1323 598; x_wconf 83' lang='lat' dir='ltr'>altitudine</span> <span class='ocrx_word' id='word_1_500' title='bbox 1343 570 1477 601; x_wconf 81' lang='lat' dir='ltr'>bonorum</span> <span class='ocrx_word' id='word_1_501' title='bbox 1497 581 1610 610; x_wconf 89' lang='lat' dir='ltr'>operum</span> <span class='ocrx_word' id='word_1_502' title='bbox 1624 572 1778 609; x_wconf 87' lang='lat' dir='ltr'>consistere,</span> 
     </span>
     <span class='ocr_line' id='line_1_69' title="bbox 1036 609 1780 649; baseline 0.007 -12"><span class='ocrx_word' id='word_1_503' title='bbox 1036 609 1100 647; x_wconf 81' lang='lat' dir='ltr'>quia</span> <span class='ocrx_word' id='word_1_504' title='bbox 1121 609 1274 649; x_wconf 87' lang='lat' dir='ltr'>discipulus</span> <span class='ocrx_word' id='word_1_505' title='bbox 1295 609 1412 638; x_wconf 80' lang='lat' dir='ltr'>imitator</span> <span class='ocrx_word' id='word_1_506' title='bbox 1430 609 1509 639; x_wconf 85' lang='lat' dir='ltr'>debet</span> <span class='ocrx_word' id='word_1_507' title='bbox 1530 621 1586 640; x_wconf 80' lang='lat' dir='ltr'>esse</span> <span class='ocrx_word' id='word_1_508' title='bbox 1605 612 1737 649; x_wconf 84' lang='lat' dir='ltr'>magistri.</span> <span class='ocrx_word' id='word_1_509' title='bbox 1750 613 1780 643; x_wconf 92' lang='lat' dir='ltr'>Si</span> 
     </span>
     <span class='ocr_line' id='line_1_70' title="bbox 1036 649 1780 690; baseline 0.007 -13"><span class='ocrx_word' id='word_1_510' title='bbox 1036 655 1124 677; x_wconf 90' lang='lat' dir='ltr'>autem</span> <span class='ocrx_word' id='word_1_511' title='bbox 1146 649 1172 677; x_wconf 90' lang='lat' dir='ltr'>in</span> <span class='ocrx_word' id='word_1_512' title='bbox 1195 649 1308 689; x_wconf 89' lang='lat' dir='ltr'>peccatis</span> <span class='ocrx_word' id='word_1_513' title='bbox 1321 649 1398 678; x_wconf 76' lang='lat' dir='ltr'>vivas</span> <span class='ocrx_word' id='word_1_514' title='bbox 1408 672 1415 683; x_wconf 83' lang='lat'>,</span> <span class='ocrx_word' id='word_1_515' title='bbox 1431 656 1456 678; x_wconf 90' lang='lat' dir='ltr'>et</span> <span class='ocrx_word' id='word_1_516' title='bbox 1469 649 1563 680; x_wconf 84' lang='lat' dir='ltr'>audias</span> <span class='ocrx_word' id='word_1_517' title='bbox 1573 650 1684 690; x_wconf 83' lang='lat' dir='ltr'>justitiae</span> <span class='ocrx_word' id='word_1_518' title='bbox 1697 652 1780 681; x_wconf 83' lang='lat' dir='ltr'>verba</span> 
     </span>
     <span class='ocr_line' id='line_1_71' title="bbox 1036 687 1778 735; baseline 0.005 -19"><span class='ocrx_word' id='word_1_519' title='bbox 1036 687 1339 728; x_wconf 74' lang='lat' dir='ltr'>docentem,judicium</span> <span class='ocrx_word' id='word_1_520' title='bbox 1358 688 1427 725; x_wconf 91' lang='lat' dir='ltr'>tibi,</span> <span class='ocrx_word' id='word_1_521' title='bbox 1442 699 1495 718; x_wconf 89' lang='lat' dir='ltr'>non</span> <span class='ocrx_word' id='word_1_522' title='bbox 1516 690 1630 719; x_wconf 79' lang='lat' dir='ltr'>salutem</span> <span class='ocrx_word' id='word_1_523' title='bbox 1651 691 1778 735; x_wconf 83' lang='lat' dir='ltr'>acquiris.</span> 
     </span>
     <span class='ocr_line' id='line_1_72' title="bbox 1036 727 1780 767; baseline 0.004 -11"><span class='ocrx_word' id='word_1_524' title='bbox 1036 727 1123 757; x_wconf 87' lang='lat' dir='ltr'>Audis</span> <span class='ocrx_word' id='word_1_525' title='bbox 1137 728 1208 757; x_wconf 90' lang='lat' dir='ltr'>enim</span> <span class='ocrx_word' id='word_1_526' title='bbox 1218 751 1225 764; x_wconf 83' lang='lat'>‚</span> <span class='ocrx_word' id='word_1_527' title='bbox 1240 735 1270 757; x_wconf 89' lang='lat' dir='ltr'>ut</span> <span class='ocrx_word' id='word_1_528' title='bbox 1283 738 1316 757; x_wconf 90' lang='lat' dir='ltr'>ne</span> <span class='ocrx_word' id='word_1_529' title='bbox 1336 728 1492 767; x_wconf 66' lang='lat' dir='ltr'>ignorantiae</span> <span class='ocrx_word' id='word_1_530' title='bbox 1514 729 1558 758; x_wconf 86' lang='lat' dir='ltr'>vel</span> <span class='ocrx_word' id='word_1_531' title='bbox 1581 736 1780 760; x_wconf 76' lang='lat' dir='ltr'>excusationem</span> 
     </span>
     <span class='ocr_line' id='line_1_73' title="bbox 1035 766 1780 809; baseline 0.004 -13"><span class='ocrx_word' id='word_1_532' title='bbox 1035 766 1134 796; x_wconf 82' lang='lat' dir='ltr'>habeas</span> <span class='ocrx_word' id='word_1_533' title='bbox 1153 774 1213 797; x_wconf 89' lang='lat' dir='ltr'>ante</span> <span class='ocrx_word' id='word_1_534' title='bbox 1236 769 1335 796; x_wconf 89' lang='lat' dir='ltr'>Deum.</span> <span class='ocrx_word' id='word_1_535' title='bbox 1352 768 1432 803; x_wconf 86' lang='lat' dir='ltr'>Ecce,</span> <span class='ocrx_word' id='word_1_536' title='bbox 1448 769 1528 797; x_wconf 88' lang='lat' dir='ltr'>homo</span> <span class='ocrx_word' id='word_1_537' title='bbox 1547 768 1570 798; x_wconf 85' lang='lat' dir='ltr'>si</span> <span class='ocrx_word' id='word_1_538' title='bbox 1584 779 1780 809; x_wconf 83' lang='lat' dir='ltr'>quamcumque</span> 
     </span>
     <span class='ocr_line' id='line_1_74' title="bbox 1035 806 1781 849; baseline 0.005 -14"><span class='ocrx_word' id='word_1_539' title='bbox 1035 813 1118 836; x_wconf 89' lang='lat' dir='ltr'>artem</span> <span class='ocrx_word' id='word_1_540' title='bbox 1131 818 1165 836; x_wconf 89' lang='lat' dir='ltr'>ex</span> <span class='ocrx_word' id='word_1_541' title='bbox 1180 814 1233 836; x_wconf 91' lang='lat' dir='ltr'>toto</span> <span class='ocrx_word' id='word_1_542' title='bbox 1245 806 1324 837; x_wconf 90' lang='lat' dir='ltr'>corde</span> <span class='ocrx_word' id='word_1_543' title='bbox 1337 807 1454 837; x_wconf 88' lang='lat' dir='ltr'>voluerit</span> <span class='ocrx_word' id='word_1_544' title='bbox 1467 807 1580 845; x_wconf 88' lang='lat' dir='ltr'>discere,</span> <span class='ocrx_word' id='word_1_545' title='bbox 1593 815 1658 848; x_wconf 80' lang='lat' dir='ltr'>puta</span> <span class='ocrx_word' id='word_1_546' title='bbox 1671 810 1781 849; x_wconf 81' lang='lat' dir='ltr'>pingere</span> 
     </span>
     <span class='ocr_line' id='line_1_75' title="bbox 1001 846 1780 888; baseline 0.005 -14"><span class='ocrx_word' id='word_1_547' title='bbox 1001 851 1018 874; x_wconf 89' lang='lat' dir='ltr'>B</span> <span class='ocrx_word' id='word_1_548' title='bbox 1035 853 1082 875; x_wconf 79' lang='lat' dir='ltr'>aut</span> <span class='ocrx_word' id='word_1_549' title='bbox 1105 846 1252 881; x_wconf 79' lang='lat' dir='ltr'>aedificare,</span> <span class='ocrx_word' id='word_1_550' title='bbox 1266 857 1329 876; x_wconf 90' lang='lat' dir='ltr'>cum</span> <span class='ocrx_word' id='word_1_551' title='bbox 1354 847 1504 885; x_wconf 82' lang='lat' dir='ltr'>frequenter</span> <span class='ocrx_word' id='word_1_552' title='bbox 1525 848 1684 888; x_wconf 81' lang='lat' dir='ltr'>magistrum</span> <span class='ocrx_word' id='word_1_553' title='bbox 1699 859 1780 879; x_wconf 83' lang='lat' dir='ltr'>suum</span> 
     </span>
     <span class='ocr_line' id='line_1_76' title="bbox 1035 885 1781 929; baseline 0.007 -16"><span class='ocrx_word' id='word_1_554' title='bbox 1035 885 1152 915; x_wconf 85' lang='lat' dir='ltr'>audierit</span> <span class='ocrx_word' id='word_1_555' title='bbox 1164 893 1210 915; x_wconf 84' lang='lat' dir='ltr'>aut</span> <span class='ocrx_word' id='word_1_556' title='bbox 1223 886 1336 921; x_wconf 83' lang='lat' dir='ltr'>viderit,</span> <span class='ocrx_word' id='word_1_557' title='bbox 1351 887 1423 915; x_wconf 90' lang='lat' dir='ltr'>tollit</span> <span class='ocrx_word' id='word_1_558' title='bbox 1435 897 1464 916; x_wconf 88' lang='lat' dir='ltr'>se</span> <span class='ocrx_word' id='word_1_559' title='bbox 1479 887 1505 915; x_wconf 90' lang='lat' dir='ltr'>in</span> <span class='ocrx_word' id='word_1_560' title='bbox 1519 894 1630 923; x_wconf 89' lang='lat' dir='ltr'>secreto,</span> <span class='ocrx_word' id='word_1_561' title='bbox 1644 894 1671 917; x_wconf 89' lang='lat' dir='ltr'>et</span> <span class='ocrx_word' id='word_1_562' title='bbox 1683 889 1781 929; x_wconf 79' lang='lat' dir='ltr'>accipit</span> 
     </span>
     <span class='ocr_line' id='line_1_77' title="bbox 1035 925 1781 967; baseline 0.004 -13"><span class='ocrx_word' id='word_1_563' title='bbox 1035 925 1224 955; x_wconf 84' lang='lat' dir='ltr'>ferramentum</span> <span class='ocrx_word' id='word_1_564' title='bbox 1235 948 1243 962; x_wconf 92' lang='lat'>,</span> <span class='ocrx_word' id='word_1_565' title='bbox 1255 933 1281 954; x_wconf 89' lang='lat' dir='ltr'>et</span> <span class='ocrx_word' id='word_1_566' title='bbox 1303 927 1360 966; x_wconf 87' lang='lat' dir='ltr'>ipse</span> <span class='ocrx_word' id='word_1_567' title='bbox 1381 937 1410 955; x_wconf 86' lang='lat' dir='ltr'>se</span> <span class='ocrx_word' id='word_1_568' title='bbox 1431 933 1524 961; x_wconf 86' lang='lat' dir='ltr'>tentat,</span> <span class='ocrx_word' id='word_1_569' title='bbox 1537 927 1559 956; x_wconf 92' lang='lat' dir='ltr'>si</span> <span class='ocrx_word' id='word_1_570' title='bbox 1573 934 1660 966; x_wconf 88' lang='lat' dir='ltr'>potest</span> <span class='ocrx_word' id='word_1_571' title='bbox 1669 928 1727 967; x_wconf 87' lang='lat' dir='ltr'>jam</span> <span class='ocrx_word' id='word_1_572' title='bbox 1738 929 1781 957; x_wconf 81' lang='lat' dir='ltr'>fa-</span> 
     </span>
     <span class='ocr_line' id='line_1_78' title="bbox 1036 964 1779 1004; baseline 0.005 -11"><span class='ocrx_word' id='word_1_573' title='bbox 1036 974 1095 993; x_wconf 83' lang='lat' dir='ltr'>cere</span> <span class='ocrx_word' id='word_1_574' title='bbox 1105 964 1177 1004; x_wconf 89' lang='lat' dir='ltr'>quod</span> <span class='ocrx_word' id='word_1_575' title='bbox 1188 965 1338 1003; x_wconf 83' lang='lat' dir='ltr'>frequenter</span> <span class='ocrx_word' id='word_1_576' title='bbox 1348 965 1454 996; x_wconf 89' lang='lat' dir='ltr'>audivit</span> <span class='ocrx_word' id='word_1_577' title='bbox 1465 966 1511 995; x_wconf 87' lang='lat' dir='ltr'>vel</span> <span class='ocrx_word' id='word_1_578' title='bbox 1521 966 1602 996; x_wconf 87' lang='lat' dir='ltr'>vidit.</span> <span class='ocrx_word' id='word_1_579' title='bbox 1614 968 1659 997; x_wconf 84' lang='lat' dir='ltr'>Sic</span> <span class='ocrx_word' id='word_1_580' title='bbox 1669 974 1695 996; x_wconf 86' lang='lat' dir='ltr'>et</span> <span class='ocrx_word' id='word_1_581' title='bbox 1706 974 1746 1003; x_wconf 87' lang='lat' dir='ltr'>tu,</span> <span class='ocrx_word' id='word_1_582' title='bbox 1755 968 1779 997; x_wconf 85' lang='lat' dir='ltr'>si</span> 
     </span>
     <span class='ocr_line' id='line_1_79' title="bbox 1035 1003 1780 1052; baseline 0.007 -21"><span class='ocrx_word' id='word_1_583' title='bbox 1035 1003 1121 1033; x_wconf 81' lang='lat' dir='ltr'>facere</span> <span class='ocrx_word' id='word_1_584' title='bbox 1138 1005 1272 1044; x_wconf 80' lang='lat' dir='ltr'>justitiam</span> <span class='ocrx_word' id='word_1_585' title='bbox 1293 1015 1344 1034; x_wconf 92' lang='lat' dir='ltr'>non</span> <span class='ocrx_word' id='word_1_586' title='bbox 1366 1005 1425 1041; x_wconf 69' lang='lat' dir='ltr'>vis,</span> <span class='ocrx_word' id='word_1_587' title='bbox 1441 1012 1471 1034; x_wconf 93' lang='lat' dir='ltr'>ut</span> <span class='ocrx_word' id='word_1_588' title='bbox 1491 1005 1559 1044; x_wconf 88' lang='lat' dir='ltr'>quid</span> <span class='ocrx_word' id='word_1_589' title='bbox 1578 1006 1780 1052; x_wconf 81' lang='lat' dir='ltr'>praedicatorem</span> 
     </span>
     <span class='ocr_line' id='line_1_80' title="bbox 1039 1042 1780 1087; baseline 0.005 -15"><span class='ocrx_word' id='word_1_590' title='bbox 1039 1042 1144 1072; x_wconf 81' lang='lat' dir='ltr'>&#39;ustitiae</span> <span class='ocrx_word' id='word_1_591' title='bbox 1167 1043 1264 1073; x_wconf 76' lang='lat' dir='ltr'>audis?</span> <span class='ocrx_word' id='word_1_592' title='bbox 1279 1051 1308 1073; x_wconf 88' lang='lat' dir='ltr'>ut</span> <span class='ocrx_word' id='word_1_593' title='bbox 1329 1044 1395 1083; x_wconf 90' lang='lat' dir='ltr'>quid</span> <span class='ocrx_word' id='word_1_594' title='bbox 1419 1044 1555 1074; x_wconf 84' lang='lat' dir='ltr'>doctorem</span> <span class='ocrx_word' id='word_1_595' title='bbox 1577 1046 1657 1075; x_wconf 77' lang='lat' dir='ltr'>illum</span> <span class='ocrx_word' id='word_1_596' title='bbox 1686 1048 1780 1087; x_wconf 85' lang='lat' dir='ltr'>appel—</span> 
     </span>
     <span class='ocr_line' id='line_1_81' title="bbox 1033 1053 1779 1124; baseline 0.007 -13"><span class='ocrx_word' id='word_1_597' title='bbox 1033 1053 1087 1119; x_wconf 77' lang='lat' dir='ltr'>ias,</span> <span class='ocrx_word' id='word_1_598' title='bbox 1103 1083 1181 1123; x_wconf 88' lang='lat' dir='ltr'>cujus</span> <span class='ocrx_word' id='word_1_599' title='bbox 1201 1094 1253 1112; x_wconf 91' lang='lat' dir='ltr'>non</span> <span class='ocrx_word' id='word_1_600' title='bbox 1274 1084 1314 1113; x_wconf 88' lang='lat' dir='ltr'>vis</span> <span class='ocrx_word' id='word_1_601' title='bbox 1328 1095 1385 1113; x_wconf 88' lang='lat' dir='ltr'>csse</span> <span class='ocrx_word' id='word_1_602' title='bbox 1406 1083 1579 1124; x_wconf 78' lang='lat' dir='ltr'>discipulus?</span> <span class='ocrx_word' id='word_1_603' title='bbox 1593 1086 1716 1124; x_wconf 83' lang='lat' dir='ltr'>Intellige</span> <span class='ocrx_word' id='word_1_604' title='bbox 1735 1097 1779 1116; x_wconf 86' lang='lat' dir='ltr'>er-</span> 
     </span>
     <span class='ocr_line' id='line_1_82' title="bbox 1037 1122 1779 1168; baseline 0.005 -17"><span class='ocrx_word' id='word_1_605' title='bbox 1037 1132 1070 1168; x_wconf 71' lang='lat' dir='ltr'>go</span> <span class='ocrx_word' id='word_1_606' title='bbox 1082 1135 1090 1151; x_wconf 71' lang='grc' dir='ltr'>ι</span> <span class='ocrx_word' id='word_1_607' title='bbox 1103 1122 1164 1152; x_wconf 89' lang='lat' dir='ltr'>dico</span> <span class='ocrx_word' id='word_1_608' title='bbox 1178 1124 1250 1152; x_wconf 86' lang='lat' dir='ltr'>enim</span> <span class='ocrx_word' id='word_1_609' title='bbox 1260 1124 1310 1153; x_wconf 87' lang='lat' dir='ltr'>tibi</span> <span class='ocrx_word' id='word_1_610' title='bbox 1325 1134 1382 1153; x_wconf 90' lang='lat' dir='ltr'>rem</span> <span class='ocrx_word' id='word_1_611' title='bbox 1394 1124 1558 1159; x_wconf 86' lang='lat' dir='ltr'>naturalem,</span> <span class='ocrx_word' id='word_1_612' title='bbox 1569 1125 1716 1154; x_wconf 86' lang='lat' dir='ltr'>secundum</span> <span class='ocrx_word' id='word_1_613' title='bbox 1726 1126 1779 1156; x_wconf 90' lang='lat' dir='ltr'>loci</span> 
     </span>
     <span class='ocr_line' id='line_1_83' title="bbox 1036 1162 1780 1206; baseline 0.007 -16"><span class='ocrx_word' id='word_1_614' title='bbox 1036 1162 1114 1191; x_wconf 75' lang='lat' dir='ltr'>istIus</span> <span class='ocrx_word' id='word_1_615' title='bbox 1125 1163 1296 1203; x_wconf 84' lang='lat' dir='ltr'>scripturam.</span> <span class='ocrx_word' id='word_1_616' title='bbox 1307 1164 1337 1194; x_wconf 87' lang='lat' dir='ltr'>Si</span> <span class='ocrx_word' id='word_1_617' title='bbox 1350 1170 1381 1192; x_wconf 88' lang='lat' dir='ltr'>tu</span> <span class='ocrx_word' id='word_1_618' title='bbox 1394 1174 1421 1192; x_wconf 84' lang='lat' dir='ltr'>es</span> <span class='ocrx_word' id='word_1_619' title='bbox 1435 1174 1519 1203; x_wconf 76' lang='lat' dir='ltr'>super</span> <span class='ocrx_word' id='word_1_620' title='bbox 1531 1170 1659 1201; x_wconf 87' lang='lat' dir='ltr'>montem,</span> <span class='ocrx_word' id='word_1_621' title='bbox 1668 1172 1695 1194; x_wconf 90' lang='lat' dir='ltr'>et</span> <span class='ocrx_word' id='word_1_622' title='bbox 1707 1177 1780 1206; x_wconf 86' lang='lat' dir='ltr'>prae-</span> 
     </span>
     <span class='ocr_line' id='line_1_84' title="bbox 1036 1201 1780 1240; baseline 0.007 -10"><span class='ocrx_word' id='word_1_623' title='bbox 1036 1201 1139 1231; x_wconf 89' lang='lat' dir='ltr'>dicator</span> <span class='ocrx_word' id='word_1_624' title='bbox 1147 1202 1173 1231; x_wconf 89' lang='lat' dir='ltr'>in</span> <span class='ocrx_word' id='word_1_625' title='bbox 1184 1202 1266 1240; x_wconf 82' lang='lat' dir='ltr'>valle,</span> <span class='ocrx_word' id='word_1_626' title='bbox 1274 1210 1303 1232; x_wconf 89' lang='lat' dir='ltr'>tu</span> <span class='ocrx_word' id='word_1_627' title='bbox 1315 1213 1422 1232; x_wconf 88' lang='lat' dir='ltr'>sursum</span> <span class='ocrx_word' id='word_1_628' title='bbox 1430 1203 1588 1233; x_wconf 88' lang='lat' dir='ltr'>constitutus</span> <span class='ocrx_word' id='word_1_629' title='bbox 1597 1204 1678 1234; x_wconf 84' lang='lat' dir='ltr'>audis</span> <span class='ocrx_word' id='word_1_630' title='bbox 1687 1215 1780 1235; x_wconf 88' lang='lat' dir='ltr'>vocem</span> 
     </span>
     <span class='ocr_line' id='line_1_85' title="bbox 1036 1241 1880 1286; baseline 0.006 -16"><span class='ocrx_word' id='word_1_631' title='bbox 1036 1241 1121 1276; x_wconf 90' lang='lat' dir='ltr'>illius,</span> <span class='ocrx_word' id='word_1_632' title='bbox 1133 1242 1194 1280; x_wconf 87' lang='lat' dir='ltr'>quia</span> <span class='ocrx_word' id='word_1_633' title='bbox 1208 1252 1262 1271; x_wconf 88' lang='lat' dir='ltr'>vox</span> <span class='ocrx_word' id='word_1_634' title='bbox 1277 1242 1373 1271; x_wconf 89' lang='lat' dir='ltr'>melius</span> <span class='ocrx_word' id='word_1_635' title='bbox 1384 1253 1492 1271; x_wconf 88' lang='lat' dir='ltr'>sursum</span> <span class='ocrx_word' id='word_1_636' title='bbox 1505 1243 1623 1272; x_wconf 86' lang='lat' dir='ltr'>ascendit</span> <span class='ocrx_word' id='word_1_637' title='bbox 1635 1256 1642 1273; x_wconf 76' lang='lat' dir='ltr'>z</span> <span class='ocrx_word' id='word_1_638' title='bbox 1654 1243 1676 1273; x_wconf 88' lang='lat' dir='ltr'>si</span> <span class='ocrx_word' id='word_1_639' title='bbox 1690 1251 1779 1275; x_wconf 82' lang='lat' dir='ltr'>autem</span> <span class='ocrx_word' id='word_1_640' title='bbox 1788 1268 1828 1286; x_wconf 64' lang='lat' dir='ltr'>w,</span> <span class='ocrx_word' id='word_1_641' title='bbox 1876 1269 1880 1271; x_wconf 49' lang='lat'><strong><em>—</em></strong></span> 
     </span>
     <span class='ocr_line' id='line_1_86' title="bbox 1036 1281 1806 1323; baseline 0.006 -14"><span class='ocrx_word' id='word_1_642' title='bbox 1036 1287 1065 1309; x_wconf 93' lang='lat' dir='ltr'>tu</span> <span class='ocrx_word' id='word_1_643' title='bbox 1080 1281 1183 1310; x_wconf 84' lang='lat' dir='ltr'>steteris</span> <span class='ocrx_word' id='word_1_644' title='bbox 1196 1281 1222 1310; x_wconf 92' lang='lat' dir='ltr'>in</span> <span class='ocrx_word' id='word_1_645' title='bbox 1236 1282 1323 1317; x_wconf 88' lang='lat' dir='ltr'>valle,</span> <span class='ocrx_word' id='word_1_646' title='bbox 1337 1289 1362 1310; x_wconf 87' lang='lat' dir='ltr'>et</span> <span class='ocrx_word' id='word_1_647' title='bbox 1375 1281 1469 1311; x_wconf 90' lang='lat' dir='ltr'>doctor</span> <span class='ocrx_word' id='word_1_648' title='bbox 1482 1289 1545 1312; x_wconf 87' lang='lat' dir='ltr'>tuns</span> <span class='ocrx_word' id='word_1_649' title='bbox 1562 1293 1644 1323; x_wconf 89' lang='lat' dir='ltr'>super</span> <span class='ocrx_word' id='word_1_650' title='bbox 1662 1292 1781 1314; x_wconf 87' lang='lat' dir='ltr'>montem</span> <span class='ocrx_word' id='word_1_651' title='bbox 1804 1311 1806 1313; x_wconf 97' lang='lat'>.</span> 
     </span>
     <span class='ocr_line' id='line_1_87' title="bbox 1036 1320 1778 1361; baseline 0.008 -13"><span class='ocrx_word' id='word_1_652' title='bbox 1036 1320 1171 1358; x_wconf 86' lang='lat' dir='ltr'>loquatur,</span> <span class='ocrx_word' id='word_1_653' title='bbox 1184 1330 1235 1349; x_wconf 93' lang='lat' dir='ltr'>non</span> <span class='ocrx_word' id='word_1_654' title='bbox 1250 1321 1367 1350; x_wconf 89' lang='lat' dir='ltr'>multum</span> <span class='ocrx_word' id='word_1_655' title='bbox 1380 1321 1429 1350; x_wconf 90' lang='lat' dir='ltr'>tibi</span> <span class='ocrx_word' id='word_1_656' title='bbox 1444 1322 1550 1360; x_wconf 81' lang='lat' dir='ltr'>prolicit</span> <span class='ocrx_word' id='word_1_657' title='bbox 1563 1322 1688 1361; x_wconf 87' lang='lat' dir='ltr'>loquelai</span> <span class='ocrx_word' id='word_1_658' title='bbox 1710 1324 1778 1354; x_wconf 80' lang='lat' dir='ltr'>sius.</span> 
     </span>
     <span class='ocr_line' id='line_1_88' title="bbox 1036 1335 1780 1399; baseline 0.008 -12"><span class='ocrx_word' id='word_1_659' title='bbox 1036 1360 1110 1396; x_wconf 76' lang='lat' dir='ltr'>Ergo</span> <span class='ocrx_word' id='word_1_660' title='bbox 1133 1359 1158 1387; x_wconf 93' lang='lat' dir='ltr'>in</span> <span class='ocrx_word' id='word_1_661' title='bbox 1177 1360 1264 1398; x_wconf 83' lang='lat' dir='ltr'>primo</span> <span class='ocrx_word' id='word_1_662' title='bbox 1277 1360 1336 1388; x_wconf 87' lang='lat' dir='ltr'>loco</span> <span class='ocrx_word' id='word_1_663' title='bbox 1351 1370 1384 1399; x_wconf 91' lang='lat' dir='ltr'>po</span> <span class='ocrx_word' id='word_1_664' title='bbox 1406 1360 1467 1389; x_wconf 86' lang='lat' dir='ltr'>ulus</span> <span class='ocrx_word' id='word_1_665' title='bbox 1481 1371 1508 1389; x_wconf 84' lang='lat' dir='ltr'>se</span> <span class='ocrx_word' id='word_1_666' title='bbox 1520 1360 1598 1390; x_wconf 87' lang='lat' dir='ltr'>debet</span> <span class='ocrx_word' id='word_1_667' title='bbox 1611 1335 1780 1393; x_wconf 52' lang='lat' dir='ltr'>considerare</span> 
     </span>
     <span class='ocr_line' id='line_1_89' title="bbox 1056 1398 1780 1437; baseline 0.007 -10"><span class='ocrx_word' id='word_1_668' title='bbox 1056 1398 1123 1427; x_wconf 87' lang='lat' dir='ltr'>ualis</span> <span class='ocrx_word' id='word_1_669' title='bbox 1137 1399 1181 1433; x_wconf 88' lang='lat' dir='ltr'>sit,</span> <span class='ocrx_word' id='word_1_670' title='bbox 1197 1399 1224 1427; x_wconf 90' lang='lat' dir='ltr'>in</span> <span class='ocrx_word' id='word_1_671' title='bbox 1247 1398 1363 1427; x_wconf 90' lang='lat' dir='ltr'>secundo</span> <span class='ocrx_word' id='word_1_672' title='bbox 1397 1410 1444 1428; x_wconf 87' lang='lat' dir='ltr'>oco</span> <span class='ocrx_word' id='word_1_673' title='bbox 1457 1399 1566 1437; x_wconf 87' lang='lat' dir='ltr'>qualem</span> <span class='ocrx_word' id='word_1_674' title='bbox 1579 1401 1675 1430; x_wconf 86' lang='lat' dir='ltr'>habeat</span> <span class='ocrx_word' id='word_1_675' title='bbox 1689 1413 1780 1432; x_wconf 85' lang='lat' dir='ltr'>saeer-</span> 
     </span>
     <span class='ocr_line' id='line_1_90' title="bbox 1000 1437 1779 1480; baseline 0.006 -14"><span class='ocrx_word' id='word_1_676' title='bbox 1000 1445 1019 1469; x_wconf 83' lang='lat' dir='ltr'>c</span> <span class='ocrx_word' id='word_1_677' title='bbox 1054 1444 1123 1467; x_wconf 89' lang='lat' dir='ltr'>otem</span> <span class='ocrx_word' id='word_1_678' title='bbox 1138 1449 1144 1466; x_wconf 76' lang='grc' dir='ltr'><strong>ε</strong></span> <span class='ocrx_word' id='word_1_679' title='bbox 1161 1438 1224 1477; x_wconf 90' lang='lat' dir='ltr'>quia</span> <span class='ocrx_word' id='word_1_680' title='bbox 1237 1437 1330 1467; x_wconf 85' lang='lat' dir='ltr'>doctor</span> <span class='ocrx_word' id='word_1_681' title='bbox 1342 1438 1511 1467; x_wconf 83' lang='lat' dir='ltr'>malus-bono</span> <span class='ocrx_word' id='word_1_682' title='bbox 1525 1439 1627 1480; x_wconf 88' lang='lat' dir='ltr'>populo</span> <span class='ocrx_word' id='word_1_683' title='bbox 1640 1451 1692 1469; x_wconf 90' lang='lat' dir='ltr'>non</span> <span class='ocrx_word' id='word_1_684' title='bbox 1707 1443 1779 1472; x_wconf 89' lang='lat' dir='ltr'>mul-</span> 
     </span>
     <span class='ocr_line' id='line_1_91' title="bbox 1035 1477 1779 1519; baseline 0.007 -13"><span class='ocrx_word' id='word_1_685' title='bbox 1035 1484 1093 1507; x_wconf 88' lang='lat' dir='ltr'>tum</span> <span class='ocrx_word' id='word_1_686' title='bbox 1114 1484 1202 1513; x_wconf 84' lang='lat' dir='ltr'>nocet,</span> <span class='ocrx_word' id='word_1_687' title='bbox 1217 1478 1304 1507; x_wconf 86' lang='lat' dir='ltr'>bouus</span> <span class='ocrx_word' id='word_1_688' title='bbox 1317 1484 1406 1506; x_wconf 90' lang='lat' dir='ltr'>autem</span> <span class='ocrx_word' id='word_1_689' title='bbox 1419 1477 1513 1507; x_wconf 87' lang='lat' dir='ltr'>doctor</span> <span class='ocrx_word' id='word_1_690' title='bbox 1526 1480 1597 1508; x_wconf 91' lang='lat' dir='ltr'>malo</span> <span class='ocrx_word' id='word_1_691' title='bbox 1611 1481 1712 1519; x_wconf 89' lang='lat' dir='ltr'>populo</span> <span class='ocrx_word' id='word_1_692' title='bbox 1726 1491 1779 1512; x_wconf 90' lang='lat' dir='ltr'>non</span> 
     </span>
     <span class='ocr_line' id='line_1_92' title="bbox 1034 1517 1779 1560; baseline 0.008 -15"><span class='ocrx_word' id='word_1_693' title='bbox 1034 1517 1151 1546; x_wconf 88' lang='lat' dir='ltr'>multum</span> <span class='ocrx_word' id='word_1_694' title='bbox 1172 1517 1289 1556; x_wconf 86' lang='lat' dir='ltr'>prodest.</span> <span class='ocrx_word' id='word_1_695' title='bbox 1304 1518 1383 1546; x_wconf 89' lang='lat' dir='ltr'>Nunc</span> <span class='ocrx_word' id='word_1_696' title='bbox 1404 1523 1494 1546; x_wconf 87' lang='lat' dir='ltr'>autem</span> <span class='ocrx_word' id='word_1_697' title='bbox 1537 1518 1636 1558; x_wconf 88' lang='lat' dir='ltr'>opulus</span> <span class='ocrx_word' id='word_1_698' title='bbox 1660 1520 1779 1560; x_wconf 84' lang='lat' dir='ltr'>seipsum</span> 
     </span>
     <span class='ocr_line' id='line_1_93' title="bbox 1034 1556 1780 1600; baseline 0.008 -16"><span class='ocrx_word' id='word_1_699' title='bbox 1034 1566 1086 1585; x_wconf 89' lang='lat' dir='ltr'>non</span> <span class='ocrx_word' id='word_1_700' title='bbox 1098 1556 1268 1594; x_wconf 87' lang='lat' dir='ltr'>videt,quem</span> <span class='ocrx_word' id='word_1_701' title='bbox 1280 1556 1399 1596; x_wconf 89' lang='lat' dir='ltr'>primum</span> <span class='ocrx_word' id='word_1_702' title='bbox 1408 1556 1502 1586; x_wconf 83' lang='lat' dir='ltr'>videre</span> <span class='ocrx_word' id='word_1_703' title='bbox 1531 1558 1606 1587; x_wconf 83' lang='lat' dir='ltr'>ebet:</span> <span class='ocrx_word' id='word_1_704' title='bbox 1618 1558 1664 1588; x_wconf 89' lang='lat' dir='ltr'>sed</span> <span class='ocrx_word' id='word_1_705' title='bbox 1674 1569 1780 1600; x_wconf 81' lang='lat' dir='ltr'>semper</span> 
     </span>
     <span class='ocr_line' id='line_1_94' title="bbox 1033 1595 1779 1639; baseline 0.007 -15"><span class='ocrx_word' id='word_1_706' title='bbox 1033 1595 1127 1624; x_wconf 85' lang='lat' dir='ltr'>sedens</span> <span class='ocrx_word' id='word_1_707' title='bbox 1135 1595 1241 1635; x_wconf 86' lang='lat' dir='ltr'>judicat</span> <span class='ocrx_word' id='word_1_708' title='bbox 1254 1595 1288 1624; x_wconf 91' lang='lat' dir='ltr'>de</span> <span class='ocrx_word' id='word_1_709' title='bbox 1301 1595 1424 1624; x_wconf 88' lang='lat' dir='ltr'>moribus</span> <span class='ocrx_word' id='word_1_710' title='bbox 1436 1596 1615 1627; x_wconf 86' lang='lat' dir='ltr'>sacerdotum.</span> <span class='ocrx_word' id='word_1_711' title='bbox 1628 1597 1693 1628; x_wconf 83' lang='lat' dir='ltr'>Ideo</span> <span class='ocrx_word' id='word_1_712' title='bbox 1715 1610 1779 1639; x_wconf 83' lang='lat' dir='ltr'>ergo</span> 
     </span>
     <span class='ocr_line' id='line_1_95' title="bbox 1035 1634 1779 1677; baseline 0.008 -15"><span class='ocrx_word' id='word_1_713' title='bbox 1035 1643 1149 1674; x_wconf 80' lang='lat' dir='ltr'>praesens</span> <span class='ocrx_word' id='word_1_714' title='bbox 1162 1635 1295 1674; x_wconf 86' lang='lat' dir='ltr'>scriptura</span> <span class='ocrx_word' id='word_1_715' title='bbox 1310 1645 1358 1663; x_wconf 89' lang='lat' dir='ltr'>nos</span> <span class='ocrx_word' id='word_1_716' title='bbox 1369 1634 1462 1671; x_wconf 83' lang='lat' dir='ltr'>docet,</span> <span class='ocrx_word' id='word_1_717' title='bbox 1478 1642 1508 1665; x_wconf 90' lang='lat' dir='ltr'>ut</span> <span class='ocrx_word' id='word_1_718' title='bbox 1519 1643 1573 1666; x_wconf 81' lang='lat' dir='ltr'>tam</span> <span class='ocrx_word' id='word_1_719' title='bbox 1593 1637 1686 1667; x_wconf 84' lang='lat' dir='ltr'>doctor</span> <span class='ocrx_word' id='word_1_720' title='bbox 1697 1648 1779 1677; x_wconf 83' lang='lat' dir='ltr'>quam</span> 
     </span>
     <span class='ocr_line' id='line_1_96' title="bbox 1033 1674 1780 1719; baseline 0.007 -16"><span class='ocrx_word' id='word_1_721' title='bbox 1033 1674 1150 1714; x_wconf 89' lang='lat' dir='ltr'>populus</span> <span class='ocrx_word' id='word_1_722' title='bbox 1172 1685 1253 1714; x_wconf 85' lang='lat' dir='ltr'>super</span> <span class='ocrx_word' id='word_1_723' title='bbox 1272 1681 1390 1703; x_wconf 89' lang='lat' dir='ltr'>montem</span> <span class='ocrx_word' id='word_1_724' title='bbox 1411 1675 1558 1705; x_wconf 82' lang='lat' dir='ltr'>sanctitatis</span> <span class='ocrx_word' id='word_1_725' title='bbox 1580 1677 1713 1714; x_wconf 83' lang='lat' dir='ltr'>ascendat,</span> <span class='ocrx_word' id='word_1_726' title='bbox 1729 1679 1780 1719; x_wconf 86' lang='lat' dir='ltr'>qui</span> 
     </span>
     <span class='ocr_line' id='line_1_97' title="bbox 1032 1713 1776 1754; baseline 0.007 -12"><span class='ocrx_word' id='word_1_727' title='bbox 1032 1714 1092 1742; x_wconf 86' lang='lat' dir='ltr'>vult</span> <span class='ocrx_word' id='word_1_728' title='bbox 1117 1713 1213 1743; x_wconf 88' lang='lat' dir='ltr'>audire</span> <span class='ocrx_word' id='word_1_729' title='bbox 1237 1713 1343 1754; x_wconf 84' lang='lat' dir='ltr'>pietatis</span> <span class='ocrx_word' id='word_1_730' title='bbox 1367 1713 1527 1745; x_wconf 85' lang='lat' dir='ltr'>doctrinam.</span> <span class='ocrx_word' id='word_1_731' title='bbox 1553 1717 1609 1745; x_wconf 83' lang='lat' dir='ltr'>Ant</span> <span class='ocrx_word' id='word_1_732' title='bbox 1633 1723 1704 1746; x_wconf 85' lang='lat' dir='ltr'>certe</span> <span class='ocrx_word' id='word_1_733' title='bbox 1728 1717 1776 1747; x_wconf 81' lang='lat' dir='ltr'>ita.</span> 
     </span>
     <span class='ocr_line' id='line_1_98' title="bbox 1033 1753 1775 1796; baseline 0.008 -15"><span class='ocrx_word' id='word_1_734' title='bbox 1033 1754 1113 1782; x_wconf 89' lang='lat' dir='ltr'>Mons</span> <span class='ocrx_word' id='word_1_735' title='bbox 1126 1753 1236 1783; x_wconf 80' lang='lat' dir='ltr'>eeclesia</span> <span class='ocrx_word' id='word_1_736' title='bbox 1249 1753 1417 1793; x_wconf 86' lang='lat' dir='ltr'>appellatur,</span> <span class='ocrx_word' id='word_1_737' title='bbox 1431 1753 1465 1782; x_wconf 87' lang='lat' dir='ltr'>de</span> <span class='ocrx_word' id='word_1_738' title='bbox 1477 1765 1531 1793; x_wconf 90' lang='lat' dir='ltr'>quo</span> <span class='ocrx_word' id='word_1_739' title='bbox 1544 1754 1610 1784; x_wconf 90' lang='lat' dir='ltr'>dicit</span> <span class='ocrx_word' id='word_1_740' title='bbox 1623 1757 1752 1796; x_wconf 80' lang='lat' dir='ltr'>propheta</span> <span class='ocrx_word' id='word_1_741' title='bbox 1767 1769 1775 1786; x_wconf 74' lang='lat' dir='ltr'>t</span> 
     </span>
     <span class='ocr_line' id='line_1_99' title="bbox 1033 1794 1904 1843; baseline 0.007 -22"><span class='ocrx_word' id='word_1_742' title='bbox 1033 1794 1122 1822; x_wconf 78' lang='lat' dir='ltr'>Mons</span> <span class='ocrx_word' id='word_1_743' title='bbox 1137 1794 1210 1827; x_wconf 86' lang='lat' dir='ltr'>Dei,</span> <span class='ocrx_word' id='word_1_744' title='bbox 1225 1803 1307 1822; x_wconf 83' lang='lat' dir='ltr'>mons</span> <span class='ocrx_word' id='word_1_745' title='bbox 1328 1794 1408 1821; x_wconf 85' lang='lat' dir='ltr'>uber.</span> <span class='ocrx_word' id='word_1_746' title='bbox 1425 1794 1553 1823; x_wconf 78' lang='lat' dir='ltr'>Ascendit</span> <span class='ocrx_word' id='word_1_747' title='bbox 1571 1805 1635 1834; x_wconf 87' lang='lat' dir='ltr'>ergo</span> <span class='ocrx_word' id='word_1_748' title='bbox 1654 1797 1778 1826; x_wconf 81' lang='lat' dir='ltr'>Christus</span> <span class='ocrx_word' id='word_1_749' title='bbox 1786 1812 1853 1835; x_wconf 60' lang='lat' dir='ltr'>pud,</span> <span class='ocrx_word' id='word_1_750' title='bbox 1869 1812 1904 1843; x_wconf 76' lang='lat'>⁶7·</span> 
     </span>
     <span class='ocr_line' id='line_1_100' title="bbox 1032 1831 1827 1874; baseline 0.008 -14"><span class='ocrx_word' id='word_1_751' title='bbox 1032 1832 1060 1860; x_wconf 93' lang='lat' dir='ltr'>in</span> <span class='ocrx_word' id='word_1_752' title='bbox 1072 1839 1200 1867; x_wconf 87' lang='lat' dir='ltr'>montem,</span> <span class='ocrx_word' id='word_1_753' title='bbox 1214 1839 1244 1861; x_wconf 88' lang='lat' dir='ltr'>ut</span> <span class='ocrx_word' id='word_1_754' title='bbox 1256 1832 1314 1861; x_wconf 94' lang='lat' dir='ltr'>illic</span> <span class='ocrx_word' id='word_1_755' title='bbox 1326 1831 1468 1872; x_wconf 86' lang='lat' dir='ltr'>discipulis</span> <span class='ocrx_word' id='word_1_756' title='bbox 1480 1834 1537 1863; x_wconf 88' lang='lat' dir='ltr'>suis</span> <span class='ocrx_word' id='word_1_757' title='bbox 1549 1836 1673 1874; x_wconf 80' lang='lat' dir='ltr'>mysteria</span> <span class='ocrx_word' id='word_1_758' title='bbox 1687 1836 1776 1865; x_wconf 83' lang='lat' dir='ltr'>trade-</span> <span class='ocrx_word' id='word_1_759' title='bbox 1790 1844 1827 1867; x_wconf 83' lang='lat'>16.</span> 
     </span>
     <span class='ocr_line' id='line_1_101' title="bbox 1033 1871 1778 1914; baseline 0.007 -14"><span class='ocrx_word' id='word_1_760' title='bbox 1033 1878 1073 1900; x_wconf 88' lang='lat' dir='ltr'>ret</span> <span class='ocrx_word' id='word_1_761' title='bbox 1094 1872 1229 1908; x_wconf 82' lang='lat' dir='ltr'>veritatis,</span> <span class='ocrx_word' id='word_1_762' title='bbox 1243 1871 1384 1901; x_wconf 79' lang='lat' dir='ltr'>ostendens</span> <span class='ocrx_word' id='word_1_763' title='bbox 1408 1873 1536 1910; x_wconf 85' lang='lat' dir='ltr'>qnoniam</span> <span class='ocrx_word' id='word_1_764' title='bbox 1555 1874 1642 1903; x_wconf 83' lang='lat' dir='ltr'>omnis</span> <span class='ocrx_word' id='word_1_765' title='bbox 1655 1875 1702 1914; x_wconf 89' lang='lat' dir='ltr'>qui</span> <span class='ocrx_word' id='word_1_766' title='bbox 1717 1876 1778 1905; x_wconf 87' lang='lat' dir='ltr'>vult</span> 
     </span>
     <span class='ocr_line' id='line_1_102' title="bbox 1032 1910 1777 1951; baseline 0.008 -12"><span class='ocrx_word' id='word_1_767' title='bbox 1032 1910 1134 1941; x_wconf 91' lang='lat' dir='ltr'>discere</span> <span class='ocrx_word' id='word_1_768' title='bbox 1145 1911 1272 1951; x_wconf 81' lang='lat' dir='ltr'>mysteria</span> <span class='ocrx_word' id='word_1_769' title='bbox 1284 1911 1416 1946; x_wconf 83' lang='lat' dir='ltr'>veritatis,</span> <span class='ocrx_word' id='word_1_770' title='bbox 1430 1912 1457 1941; x_wconf 89' lang='lat' dir='ltr'>in</span> <span class='ocrx_word' id='word_1_771' title='bbox 1469 1919 1585 1942; x_wconf 85' lang='lat' dir='ltr'>montem</span> <span class='ocrx_word' id='word_1_772' title='bbox 1598 1914 1715 1944; x_wconf 69' lang='lat' dir='ltr'>eoctoeiae</span> <span class='ocrx_word' id='word_1_773' title='bbox 1728 1915 1777 1945; x_wconf 87' lang='lat' dir='ltr'>de-</span> 
     </span>
     <span class='ocr_line' id='line_1_103' title="bbox 1032 1950 1778 1991; baseline 0.008 -13"><span class='ocrx_word' id='word_1_774' title='bbox 1032 1950 1077 1979; x_wconf 83' lang='lat' dir='ltr'>bet</span> <span class='ocrx_word' id='word_1_775' title='bbox 1098 1951 1238 1980; x_wconf 85' lang='lat' dir='ltr'>ascendere</span> <span class='ocrx_word' id='word_1_776' title='bbox 1253 1963 1260 1980; x_wconf 90' lang='lat'>:</span> <span class='ocrx_word' id='word_1_777' title='bbox 1275 1950 1345 1980; x_wconf 78' lang='lat' dir='ltr'>sed*</span> <span class='ocrx_word' id='word_1_778' title='bbox 1359 1960 1412 1979; x_wconf 88' lang='lat' dir='ltr'>non</span> <span class='ocrx_word' id='word_1_779' title='bbox 1425 1952 1453 1980; x_wconf 92' lang='lat' dir='ltr'>in</span> <span class='ocrx_word' id='word_1_780' title='bbox 1466 1962 1572 1981; x_wconf 89' lang='lat' dir='ltr'>omnem</span> <span class='ocrx_word' id='word_1_781' title='bbox 1589 1960 1716 1991; x_wconf 86' lang='lat' dir='ltr'>montem,</span> <span class='ocrx_word' id='word_1_782' title='bbox 1730 1954 1778 1984; x_wconf 83' lang='lat' dir='ltr'>sed</span> 
     </span>
     <span class='ocr_line' id='line_1_104' title="bbox 1032 1989 1778 2024; baseline 0.008 -6"><span class='ocrx_word' id='word_1_783' title='bbox 1032 1989 1060 2017; x_wconf 89' lang='lat' dir='ltr'>in</span> <span class='ocrx_word' id='word_1_784' title='bbox 1081 1997 1198 2019; x_wconf 86' lang='lat' dir='ltr'>montem</span> <span class='ocrx_word' id='word_1_785' title='bbox 1224 1990 1334 2019; x_wconf 87' lang='lat' dir='ltr'>uberem</span> <span class='ocrx_word' id='word_1_786' title='bbox 1360 1990 1430 2019; x_wconf 90' lang='lat' dir='ltr'>Sunt</span> <span class='ocrx_word' id='word_1_787' title='bbox 1453 1991 1525 2020; x_wconf 90' lang='lat' dir='ltr'>euim</span> <span class='ocrx_word' id='word_1_788' title='bbox 1542 1999 1569 2021; x_wconf 88' lang='lat' dir='ltr'>et</span> <span class='ocrx_word' id='word_1_789' title='bbox 1590 1993 1778 2024; x_wconf 80' lang='lat' dir='ltr'>haereticorum</span> 
     </span>
     <span class='ocr_line' id='line_1_105' title="bbox 998 2030 1778 2071; baseline 0.008 -15"><span class='ocrx_word' id='word_1_790' title='bbox 998 2034 1017 2057; x_wconf 85' lang='lat' dir='ltr'>D</span> <span class='ocrx_word' id='word_1_791' title='bbox 1033 2035 1134 2058; x_wconf 85' lang='lat' dir='ltr'>montes</span> <span class='ocrx_word' id='word_1_792' title='bbox 1145 2051 1153 2066; x_wconf 89' lang='lat'>,</span> <span class='ocrx_word' id='word_1_793' title='bbox 1177 2040 1231 2058; x_wconf 89' lang='lat' dir='ltr'>non</span> <span class='ocrx_word' id='word_1_794' title='bbox 1255 2036 1345 2058; x_wconf 86' lang='lat' dir='ltr'>autem</span> <span class='ocrx_word' id='word_1_795' title='bbox 1372 2030 1481 2066; x_wconf 86' lang='lat' dir='ltr'>uberes,</span> <span class='ocrx_word' id='word_1_796' title='bbox 1503 2031 1552 2060; x_wconf 90' lang='lat' dir='ltr'>sed</span> <span class='ocrx_word' id='word_1_797' title='bbox 1578 2032 1710 2071; x_wconf 84' lang='lat' dir='ltr'>coagulati</span> <span class='ocrx_word' id='word_1_798' title='bbox 1727 2045 1733 2061; x_wconf 74' lang='grc' dir='ltr'><strong><em>ε</em></strong></span> <span class='ocrx_word' id='word_1_799' title='bbox 1749 2033 1778 2062; x_wconf 93' lang='lat' dir='ltr'>in</span> 
     </span>
     <span class='ocr_line' id='line_1_106' title="bbox 1033 2067 1778 2109; baseline 0.008 -14"><span class='ocrx_word' id='word_1_800' title='bbox 1033 2067 1132 2105; x_wconf 89' lang='lat' dir='ltr'>quibus</span> <span class='ocrx_word' id='word_1_801' title='bbox 1158 2079 1213 2097; x_wconf 91' lang='lat' dir='ltr'>non</span> <span class='ocrx_word' id='word_1_802' title='bbox 1240 2068 1361 2098; x_wconf 83' lang='lat' dir='ltr'>veritatis</span> <span class='ocrx_word' id='word_1_803' title='bbox 1392 2069 1518 2109; x_wconf 86' lang='lat' dir='ltr'>mysteria</span> <span class='ocrx_word' id='word_1_804' title='bbox 1544 2070 1688 2100; x_wconf 87' lang='lat' dir='ltr'>traduntur</span> <span class='ocrx_word' id='word_1_805' title='bbox 1697 2094 1705 2106; x_wconf 87' lang='lat'>,</span> <span class='ocrx_word' id='word_1_806' title='bbox 1731 2072 1778 2101; x_wconf 89' lang='lat' dir='ltr'>sed</span> 
     </span>
     <span class='ocr_line' id='line_1_107' title="bbox 1032 2107 1779 2150; baseline 0.008 -15"><span class='ocrx_word' id='word_1_807' title='bbox 1032 2107 1170 2136; x_wconf 83' lang='lat' dir='ltr'>mendacia</span> <span class='ocrx_word' id='word_1_808' title='bbox 1184 2108 1365 2147; x_wconf 81' lang='lat' dir='ltr'>expugnantia</span> <span class='ocrx_word' id='word_1_809' title='bbox 1383 2109 1533 2138; x_wconf 87' lang='lat' dir='ltr'>veritatem.</span> <span class='ocrx_word' id='word_1_810' title='bbox 1549 2109 1613 2139; x_wconf 93' lang='lat' dir='ltr'>Ideo</span> <span class='ocrx_word' id='word_1_811' title='bbox 1626 2118 1652 2139; x_wconf 85' lang='lat' dir='ltr'>ct</span> <span class='ocrx_word' id='word_1_812' title='bbox 1672 2121 1717 2140; x_wconf 83' lang='lat' dir='ltr'>eos</span> <span class='ocrx_word' id='word_1_813' title='bbox 1731 2112 1779 2150; x_wconf 92' lang='lat' dir='ltr'>qui</span> 
     </span>
     <span class='ocr_line' id='line_1_108' title="bbox 1032 2146 1779 2190; baseline 0.008 -16"><span class='ocrx_word' id='word_1_814' title='bbox 1032 2146 1060 2174; x_wconf 92' lang='lat' dir='ltr'>in</span> <span class='ocrx_word' id='word_1_815' title='bbox 1082 2147 1147 2176; x_wconf 89' lang='lat' dir='ltr'>tales</span> <span class='ocrx_word' id='word_1_816' title='bbox 1169 2154 1271 2176; x_wconf 83' lang='lat' dir='ltr'>montes</span> <span class='ocrx_word' id='word_1_817' title='bbox 1291 2146 1438 2177; x_wconf 83' lang='lat' dir='ltr'>ascendunt</span> <span class='ocrx_word' id='word_1_818' title='bbox 1447 2171 1455 2183; x_wconf 96' lang='lat'><strong><em>‚</em></strong></span> <span class='ocrx_word' id='word_1_819' title='bbox 1470 2149 1640 2188; x_wconf 85' lang='lat' dir='ltr'>reprehendit</span> <span class='ocrx_word' id='word_1_820' title='bbox 1662 2151 1779 2190; x_wconf 82' lang='lat' dir='ltr'>Spiritus</span> 
     </span>
     <span class='ocr_line' id='line_1_109' title="bbox 1033 2186 1842 2238; baseline 0.009 -24"><span class='ocrx_word' id='word_1_821' title='bbox 1033 2193 1139 2215; x_wconf 83' lang='lat' dir='ltr'>sanctus</span> <span class='ocrx_word' id='word_1_822' title='bbox 1152 2197 1200 2226; x_wconf 86' lang='lat' dir='ltr'>per</span> <span class='ocrx_word' id='word_1_823' title='bbox 1211 2186 1369 2226; x_wconf 89' lang='lat' dir='ltr'>prophetam</span> <span class='ocrx_word' id='word_1_824' title='bbox 1383 2186 1473 2216; x_wconf 86' lang='lat' dir='ltr'>dicens</span> <span class='ocrx_word' id='word_1_825' title='bbox 1490 2200 1496 2216; x_wconf 91' lang='lat'><strong>:</strong></span> <span class='ocrx_word' id='word_1_826' title='bbox 1516 2189 1555 2217; x_wconf 85' lang='lat' dir='ltr'>Ut</span> <span class='ocrx_word' id='word_1_827' title='bbox 1573 2190 1646 2228; x_wconf 84' lang='lat' dir='ltr'>quid</span> <span class='ocrx_word' id='word_1_828' title='bbox 1658 2191 1780 2228; x_wconf 78' lang='lat' dir='ltr'>suspici·</span> <span class='ocrx_word' id='word_1_829' title='bbox 1789 2216 1842 2238; x_wconf 59' lang='lat' dir='ltr'>md</span> 
     </span>
     <span class='ocr_line' id='line_1_110' title="bbox 1034 2222 1904 2276; baseline 0.007 -23"><span class='ocrx_word' id='word_1_830' title='bbox 1034 2227 1070 2254; x_wconf 83' lang='lat' dir='ltr'>tis</span> <span class='ocrx_word' id='word_1_831' title='bbox 1090 2232 1200 2254; x_wconf 84' lang='lat' dir='ltr'>montes</span> <span class='ocrx_word' id='word_1_832' title='bbox 1222 2226 1414 2265; x_wconf 78' lang='lat' dir='ltr'>coagulatos?</span> <span class='ocrx_word' id='word_1_833' title='bbox 1431 2228 1571 2267; x_wconf 84' lang='lat' dir='ltr'>Coagulati</span> <span class='ocrx_word' id='word_1_834' title='bbox 1589 2229 1661 2257; x_wconf 90' lang='lat' dir='ltr'>enim</span> <span class='ocrx_word' id='word_1_835' title='bbox 1677 2229 1776 2259; x_wconf 88' lang='lat' dir='ltr'>dicun·</span> <span class='ocrx_word' id='word_1_836' title='bbox 1790 2223 1827 2276; x_wconf 46' lang='lat'>¹7¹,</span> <span class='ocrx_word' id='word_1_837' title='bbox 1842 2222 1904 2251; x_wconf 53' lang='lat'>‘&#39;⁷²’‘</span> 
     </span>
     <span class='ocr_line' id='line_1_111' title="bbox 1033 2265 1904 2309; baseline 0.007 -16"><span class='ocrx_word' id='word_1_838' title='bbox 1033 2272 1078 2293; x_wconf 91' lang='lat' dir='ltr'>tur</span> <span class='ocrx_word' id='word_1_839' title='bbox 1087 2265 1230 2294; x_wconf 78' lang='lat' dir='ltr'>haeresium</span> <span class='ocrx_word' id='word_1_840' title='bbox 1238 2266 1366 2302; x_wconf 76' lang='lat' dir='ltr'>ecele‘siae,</span> <span class='ocrx_word' id='word_1_841' title='bbox 1376 2267 1440 2303; x_wconf 87' lang='lat' dir='ltr'>quia</span> <span class='ocrx_word' id='word_1_842' title='bbox 1452 2267 1646 2307; x_wconf 70' lang='lat' dir='ltr'>coagulatum</span> <span class='ocrx_word' id='word_1_843' title='bbox 1654 2276 1695 2297; x_wconf 83' lang='lat' dir='ltr'>est</span> <span class='ocrx_word' id='word_1_844' title='bbox 1704 2271 1779 2298; x_wconf 84' lang='lat' dir='ltr'>sicut</span> <span class='ocrx_word' id='word_1_845' title='bbox 1787 2286 1854 2308; x_wconf 73' lang='lat' dir='ltr'>Psal.</span> <span class='ocrx_word' id='word_1_846' title='bbox 1875 2288 1904 2309; x_wconf 56' lang='grc' dir='ltr'>ω</span> 
     </span>
     <span class='ocr_line' id='line_1_112' title="bbox 1035 2304 1826 2346; baseline 0.008 -14"><span class='ocrx_word' id='word_1_847' title='bbox 1035 2304 1082 2332; x_wconf 87' lang='lat' dir='ltr'>lac</span> <span class='ocrx_word' id='word_1_848' title='bbox 1092 2314 1142 2333; x_wconf 91' lang='lat' dir='ltr'>cor</span> <span class='ocrx_word' id='word_1_849' title='bbox 1149 2315 1259 2333; x_wconf 81' lang='lat' dir='ltr'>eorum.</span> <span class='ocrx_word' id='word_1_850' title='bbox 1269 2305 1298 2333; x_wconf 85' lang='lat'>3.</span> <span class='ocrx_word' id='word_1_851' title='bbox 1308 2307 1394 2334; x_wconf 88' lang='lat' dir='ltr'>Beati</span> <span class='ocrx_word' id='word_1_852' title='bbox 1402 2316 1541 2346; x_wconf 85' lang='lat' dir='ltr'>pauperes</span> <span class='ocrx_word' id='word_1_853' title='bbox 1552 2309 1667 2346; x_wconf 83' lang='lat' dir='ltr'>spiritu.</span> <span class='ocrx_word' id='word_1_854' title='bbox 1677 2309 1780 2344; x_wconf 89' lang='lat' dir='ltr'>Quam·</span> <span class='ocrx_word' id='word_1_855' title='bbox 1788 2322 1826 2345; x_wconf 88' lang='lat'>7⁰·</span> 
     </span>
     <span class='ocr_line' id='line_1_113' title="bbox 1034 2343 1780 2391; baseline 0.005 -19"><span class='ocrx_word' id='word_1_856' title='bbox 1034 2343 1075 2372; x_wconf 90' lang='lat' dir='ltr'>vis</span> <span class='ocrx_word' id='word_1_857' title='bbox 1089 2343 1160 2383; x_wconf 77' lang='lat' dir='ltr'>ipsas</span> <span class='ocrx_word' id='word_1_858' title='bbox 1173 2343 1353 2373; x_wconf 88' lang='lat' dir='ltr'>beatitudines</span> <span class='ocrx_word' id='word_1_859' title='bbox 1364 2353 1480 2385; x_wconf 84' lang='lat' dir='ltr'>exponat</span> <span class='ocrx_word' id='word_1_860' title='bbox 1491 2356 1526 2375; x_wconf 83' lang='lat' dir='ltr'>ex</span> <span class='ocrx_word' id='word_1_861' title='bbox 1539 2353 1613 2391; x_wconf 83' lang='lat' dir='ltr'>parte</span> <span class='ocrx_word' id='word_1_862' title='bbox 1626 2353 1653 2375; x_wconf 91' lang='lat' dir='ltr'>et</span> <span class='ocrx_word' id='word_1_863' title='bbox 1665 2357 1780 2387; x_wconf 87' lang='lat' dir='ltr'>cvange-</span> 
     </span>
     <span class='ocr_line' id='line_1_114' title="bbox 1035 2382 1781 2425; baseline 0.005 -14"><span class='ocrx_word' id='word_1_864' title='bbox 1035 2382 1095 2411; x_wconf 84' lang='lat' dir='ltr'>lista</span> <span class='ocrx_word' id='word_1_865' title='bbox 1120 2385 1219 2418; x_wconf 87' lang='lat' dir='ltr'>Lucas,</span> <span class='ocrx_word' id='word_1_866' title='bbox 1234 2390 1323 2413; x_wconf 88' lang='lat' dir='ltr'>tamen</span> <span class='ocrx_word' id='word_1_867' title='bbox 1343 2384 1400 2413; x_wconf 82' lang='lat' dir='ltr'>istae</span> <span class='ocrx_word' id='word_1_868' title='bbox 1420 2385 1598 2414; x_wconf 78' lang='lat' dir='ltr'>beatitudines</span> <span class='ocrx_word' id='word_1_869' title='bbox 1611 2386 1781 2425; x_wconf 79' lang='lat' dir='ltr'>perfectiores</span> 
     </span>
     <span class='ocr_line' id='line_1_115' title="bbox 1035 2422 1782 2462; baseline 0.007 -12"><span class='ocrx_word' id='word_1_870' title='bbox 1035 2422 1092 2451; x_wconf 87' lang='lat' dir='ltr'>illis</span> <span class='ocrx_word' id='word_1_871' title='bbox 1103 2422 1284 2461; x_wconf 77' lang='lat' dir='ltr'>intelligendae</span> <span class='ocrx_word' id='word_1_872' title='bbox 1295 2430 1358 2452; x_wconf 89' lang='lat' dir='ltr'>suut</span> <span class='ocrx_word' id='word_1_873' title='bbox 1369 2435 1376 2451; x_wconf 73' lang='lat' dir='ltr'>t</span> <span class='ocrx_word' id='word_1_874' title='bbox 1389 2424 1518 2462; x_wconf 87' lang='lat' dir='ltr'>quoniam</span> <span class='ocrx_word' id='word_1_875' title='bbox 1531 2424 1585 2453; x_wconf 79' lang='lat' dir='ltr'>illae</span> <span class='ocrx_word' id='word_1_876' title='bbox 1599 2425 1627 2453; x_wconf 90' lang='lat' dir='ltr'>in</span> <span class='ocrx_word' id='word_1_877' title='bbox 1638 2425 1697 2454; x_wconf 89' lang='lat' dir='ltr'>loco</span> <span class='ocrx_word' id='word_1_878' title='bbox 1710 2436 1782 2455; x_wconf 91' lang='lat' dir='ltr'>cam-</span> 
     </span>
     <span class='ocr_line' id='line_1_116' title="bbox 1035 2461 1782 2504; baseline 0.005 -14"><span class='ocrx_word' id='word_1_879' title='bbox 1035 2463 1117 2501; x_wconf 85' lang='lat' dir='ltr'>pestri</span> <span class='ocrx_word' id='word_1_880' title='bbox 1130 2461 1209 2491; x_wconf 85' lang='lat' dir='ltr'>dictae</span> <span class='ocrx_word' id='word_1_881' title='bbox 1221 2469 1295 2499; x_wconf 87' lang='lat' dir='ltr'>sunt,</span> <span class='ocrx_word' id='word_1_882' title='bbox 1309 2463 1366 2492; x_wconf 81' lang='lat' dir='ltr'>istae</span> <span class='ocrx_word' id='word_1_883' title='bbox 1376 2470 1466 2492; x_wconf 88' lang='lat' dir='ltr'>autem</span> <span class='ocrx_word' id='word_1_884' title='bbox 1478 2463 1600 2503; x_wconf 84' lang='lat' dir='ltr'>perfectis</span> <span class='ocrx_word' id='word_1_885' title='bbox 1611 2475 1691 2504; x_wconf 85' lang='lat' dir='ltr'>super</span> <span class='ocrx_word' id='word_1_886' title='bbox 1702 2475 1782 2494; x_wconf 88' lang='lat' dir='ltr'>mon-</span> 
     </span>
     <span class='ocr_line' id='line_1_117' title="bbox 1035 2501 1783 2543; baseline 0.004 -13"><span class='ocrx_word' id='word_1_887' title='bbox 1035 2507 1099 2530; x_wconf 91' lang='lat' dir='ltr'>tem.</span> <span class='ocrx_word' id='word_1_888' title='bbox 1126 2502 1184 2531; x_wconf 82' lang='lat' dir='ltr'>111ae</span> <span class='ocrx_word' id='word_1_889' title='bbox 1209 2501 1399 2539; x_wconf 89' lang='lat' dir='ltr'>mediocribus,</span> <span class='ocrx_word' id='word_1_890' title='bbox 1414 2502 1470 2532; x_wconf 81' lang='lat' dir='ltr'>istae</span> <span class='ocrx_word' id='word_1_891' title='bbox 1494 2509 1584 2532; x_wconf 84' lang='lat' dir='ltr'>autem</span> <span class='ocrx_word' id='word_1_892' title='bbox 1607 2504 1741 2543; x_wconf 83' lang='lat' dir='ltr'>perfectis,</span> <span class='ocrx_word' id='word_1_893' title='bbox 1756 2511 1783 2533; x_wconf 89' lang='lat' dir='ltr'>et</span> 
     </span>
    </p>
   </div>
   <div class='ocr_carea' id='block_1_10' title="bbox 1800 1970 1904 2001">
    <p class='ocr_par' dir='ltr' id='par_1_12' title="bbox 1800 1970 1904 2001">
     <span class='ocr_line' id='line_1_118' title="bbox 1800 1970 1904 2001; baseline 0.019 -9"><span class='ocrx_word' id='word_1_894' title='bbox 1800 1971 1809 1980; x_wconf 88' lang='lat'>&#39;</span> <span class='ocrx_word' id='word_1_895' title='bbox 1819 1971 1852 1993; x_wconf 76' lang='lat' dir='ltr'>al.</span> <span class='ocrx_word' id='word_1_896' title='bbox 1859 1970 1904 2001; x_wconf 71' lang='lat' dir='ltr'>qul«</span> 
     </span>
    </p>
   </div>
   <div class='ocr_carea' id='block_1_11' title="bbox 271 2588 1732 2627">
    <p class='ocr_par' dir='ltr' id='par_1_13' title="bbox 271 2588 1732 2627">
     <span class='ocr_line' id='line_1_119' title="bbox 271 2588 1732 2627; baseline 0.005 -14"><span class='ocrx_word' id='word_1_897' title='bbox 271 2597 281 2607; x_wconf 80' lang='grc'>··</span> <span class='ocrx_word' id='word_1_898' title='bbox 299 2589 329 2614; x_wconf 88' lang='lat' dir='ltr'>V.</span> <span class='ocrx_word' id='word_1_899' title='bbox 343 2590 375 2613; x_wconf 88' lang='lat' dir='ltr'>D.</span> <span class='ocrx_word' id='word_1_900' title='bbox 389 2597 402 2613; x_wconf 89' lang='lat' dir='ltr'>e</span> <span class='ocrx_word' id='word_1_901' title='bbox 413 2595 424 2613; x_wconf 84' lang='lat' dir='ltr'>t</span> <span class='ocrx_word' id='word_1_902' title='bbox 435 2588 504 2614; x_wconf 75' lang='lat' dir='ltr'>Editi</span> <span class='ocrx_word' id='word_1_903' title='bbox 513 2588 538 2615; x_wconf 90' lang='lat' dir='ltr'>iu</span> <span class='ocrx_word' id='word_1_904' title='bbox 550 2598 628 2623; x_wconf 81' lang='lat' dir='ltr'>marg.</span> <span class='ocrx_word' id='word_1_905' title='bbox 643 2591 705 2624; x_wconf 80' lang='lat' dir='ltr'>quia</span> <span class='ocrx_word' id='word_1_906' title='bbox 720 2599 770 2615; x_wconf 83' lang='lat' dir='ltr'>non</span> <span class='ocrx_word' id='word_1_907' title='bbox 779 2591 903 2615; x_wconf 60' lang='lat' dir='ltr'>miracula</span> <span class='ocrx_word' id='word_1_908' title='bbox 916 2593 1034 2616; x_wconf 78' lang='lat' dir='ltr'>virtutum</span> <span class='ocrx_word' id='word_1_909' title='bbox 1047 2592 1179 2626; x_wconf 58' lang='lat' dir='ltr'>[edificant</span> <span class='ocrx_word' id='word_1_910' title='bbox 1188 2594 1295 2624; x_wconf 76' lang='lat' dir='ltr'>animas,</span> <span class='ocrx_word' id='word_1_911' title='bbox 1304 2594 1351 2619; x_wconf 81' lang='lat' dir='ltr'>sed</span> <span class='ocrx_word' id='word_1_912' title='bbox 1362 2594 1438 2619; x_wconf 81' lang='lat' dir='ltr'>verba</span> <span class='ocrx_word' id='word_1_913' title='bbox 1445 2595 1558 2627; x_wconf 80' lang='lat' dir='ltr'>pietatis.</span> <span class='ocrx_word' id='word_1_914' title='bbox 1567 2595 1631 2620; x_wconf 68' lang='lat' dir='ltr'>Ideo</span> <span class='ocrx_word' id='word_1_915' title='bbox 1643 2601 1732 2620; x_wconf 80' lang='lat' dir='ltr'>autem.</span> 
     </span>
    </p>
   </div>
  </div>
 </body>
</html>
