1890 2826
235 140 306 185 524

231 213 351 254 naphtha
369 219 395 242 et
418 212 467 253 pix
480 235 488 250 ,
513 208 636 251 sedquae‘
651 221 733 252 supra
756 209 894 247 diximus,
916 218 976 239 esca

231 260 308 289 illius
314 259 388 298 ,ignis
412 266 489 295 sunt,
502 265 528 288 et
538 257 627 287 omnia
641 267 686 286 sus
705 256 792 296 deque
802 262 920 286 vertunt.
936 256 976 284 Ac

232 304 459 343 quemadmodum
473 304 492 333 ii
506 304 553 343 qui
566 302 635 332 febri
655 302 793 337 laborant,
807 302 857 332 etsi
871 301 976 330 nullam

231 361 278 380 eos
286 351 334 390 qui
344 350 397 380 sibi
406 350 556 379 ministrant
565 347 726 378 criminandi
733 358 840 378 causam
846 347 973 383 habeant,

233 397 269 426 ob
291 397 379 426 morbi
392 398 447 427 vim
459 395 605 436 importuni
618 394 744 424 omnibus
760 401 839 432 sunt;
850 393 976 423 alimenta

234 444 385 484 repellunt,
409 443 526 472 medicos
541 441 610 471 male
622 441 773 481 accipiunt,
798 439 977 470 familiaribus

235 489 387 518 irascuntur
406 495 507 525 ‚eontra
517 487 631 518 famulos
642 486 718 516 rabie
730 487 871 516 feruntur:
885 485 924 514 sic
930 484 978 523 qui
990 503 993 506 >

235 536 287 565 hoc
308 535 384 575 gravi
408 535 504 564 morbo
523 539 665 570 tenentur,
678 531 792 572 inquieti
813 537 886 569 sunt,
905 529 978 559 indi-

236 588 352 621 guantur
361 604 368 618 ‚
388 591 493 621 semper
505 580 582 610 illam
589 579 736 620 praeoculis
749 578 886 608 habentes.
901 578 926 608 O
937 587 980 606 τω

237 625 437 665 indignissimas
451 624 458 654 l
484 626 595 664 Lupus,
619 623 676 659 leo,
690 629 843 662 eaeteraeque
860 622 923 656 ferae
940 632 981 651 sa-

238 671 311 711 gittis
337 671 463 711 impetita:
475 670 584 710 fugiunt
596 677 750 700 venatorem
765 679 772 697 =
788 668 869 698 homo
891 674 981 697 autem

237 718 339 748 ratione
351 717 481 758 praeditus
490 740 498 755 ‚
514 717 670 748 vulneratus
679 738 688 754 ‚
702 726 761 745 eam
772 725 832 754 quae
845 725 873 744 se
886 713 983 744 vulne-

238 765 308 796 ravit
321 765 460 804 sequssur,
469 765 506 794 ita
513 771 542 793 ut
549 764 628 803 longe
639 762 748 803 gravius
757 762 844 792 telum
854 760 982 800 excipiat,

238 818 264 841 et
277 811 305 840 in
319 811 433 840 vulnere
441 810 494 840 sibi
506 810 610 850 placeat
617 821 627 849 ς
642 808 716 849 quod
729 815 769 838 est
781 807 903 838 omnium
913 816 985 835 acer-

236 857 380 887 bissimum
394 879 402 894 ,
426 857 605 896 morbumque
618 855 794 886 insanabilem
809 854 901 884 efficit.
916 854 985 883 Nam

238 905 287 943 qui
312 904 390 933 ulcus
404 913 457 933 non
480 903 553 941 odit,
568 913 654 942 neque
678 902 712 931 ab
726 913 757 932 eo
778 900 887 930 liberari
899 899 984 940 cupit,

239 950 375 989 quomodo
389 949 524 979 medicum
543 955 644 988 quaerat
654 948 668 977 Ξ)
677 947 742 978 Ideo
754 946 849 976 dolore
862 945 966 975 afficior
976 966 984 982 ‚

580 149 610 172 S.
638 147 777 177 JoAmus
801 145 985 170 cflRYSOS'r.
1013 144 1168 168 AncnlEP.
1195 143 1460 168 CONSTANTmoP.

1025 206 1193 247 λεπιιντέραν·
1214 208 1243 237 οὗ
1266 206 1318 247 γὰρ
1342 206 1377 231 ¹⁰⁴
1388 205 1518 236 στυππίον
1530 205 1576 236 καὶ
1600 205 1728 246 ’05νάφθα
1753 204 1798 235 καὶ

1026 253 1124 289 πίσσα,
1149 253 1218 283 ἀλλὰ
1239 252 1276 273 ¹⁰⁶
1285 253 1319 282 τὰ
1333 252 1460 292 εἰρημένα
1483 251 1566 292 τροφὴ
1583 253 1622 292 τῷ
1646 251 1711 291 πυρὶ
1732 251 1800 291 γίνε-

1026 311 1087 336 ται,
1114 300 1160 329 καὶ
1180 299 1268 328 πάντα
1293 303 1330 326 ’“’7
1342 299 1397 328 ἄνω
1410 297 1456 328 καὶ
1469 297 1551 328 κάτω.
1576 298 1630 328 Καὶ
1644 298 1763 338 καθάπερ
1776 298 1801 327 οἱ

1027 346 1214 386 πυρέττοντες,
1234 345 1307 376 οὐδὲν
1327 344 1432 385 ἔχοντες
1451 345 1571 384 ἐγκαλεῖν
1587 347 1643 378 τοῖς
1669 344 1706 363 ¹⁰⁸
1715 345 1803 374 διακο-

1027 391 1177 431 νουμένοις,
1201 392 1245 422 διὰ
1255 392 1304 428 τὴν
1317 393 1364 421 τοῦ
1378 391 1526 430 νοσήματος
1539 389 1636 420 κακίαν
1649 390 1805 430 δυσάρεστοι

994 440 1014 463 D
1028 438 1093 478 πρὸς
1109 438 1211 472 πάντας
1230 438 1299 476 εἰσὶ,
1315 437 1386 468 σιτία
1408 436 1623 477 διακρουόμενοι,
1637 435 1683 465 καὶ
1700 434 1805 476 ἰατροὺς

1031 487 1070 511 ¹⁰⁹
1077 483 1240 522 κακίζοντες,
1249 484 1297 514 καὶ
1310 483 1376 525 πρὸς
1388 483 1448 517 τοὺς
1459 483 1570 516 οἰκείως
1583 483 1805 522 ἀγανακτοῦντες,

1030 530 1075 561 καὶ
1099 530 1168 560 κατὰ
1178 532 1231 560 τῶν
1253 537 1289 550 ⁸¹⁰
1297 529 1484 562 διακονούντων
1497 531 1655 563 λυττῶντες·
1682 528 1752 559 οὕτω
1772 527 1805 565 δὴ

1030 576 1075 607 καὶ
1089 577 1114 606 οἱ
1126 575 1175 613 τὴν
1187 576 1307 616 χαλεπὴν
1328 576 1403 606 νόσον
1425 574 1524 612 ταύτην
1543 579 1692 613 νοσοῦντες,
1710 575 1806 604 ’Πάλ-

1031 623 1148 658 λοιοῦσι,
1167 620 1381 660 δυσχεραίνουσι,
1395 619 1509 650 πάντοτε
1533 626 1569 639 ”“
1576 619 1678 655 ἐκείνην
1694 618 1805 659 βλέπον-

1032 679 1084 701 τες.
1105 666 1143 696 Ὠ
1161 667 1286 707 χαλεπῶν
1307 666 1484 706 πραγμάτων.
1506 665 1593 699 Λύκος
1604 665 1652 705 μὲν
1663 665 1710 695 καὶ
1721 665 1788 695 λέων
1798 686 1807 700 ,

1034 712 1127 743 καὶτὰ
1140 712 1222 742 λοιπὰ
1243 711 1322 752 θηρία
1344 711 1501 751 τοξευόμενα
1524 711 1614 752 φεύγει
1633 712 1677 741 τὸν
1695 710 1808 750 κυνηγέ-

1034 771 1099 796 την·
1124 758 1260 799 ἄνθρωπος
1284 758 1312 788 δὲ
1325 760 1340 788 ὃ
1352 757 1512 798 λογιώτατος
1536 757 1660 798 τρωθεὶς,
1685 758 1721 778 ¹¹³
1729 768 1809 797 περι-

1036 803 1126 834 διώκει
1137 803 1186 840 τὴν
1203 802 1343 843 τρώσασαν
1351 825 1359 840 ,
1378 802 1448 832 ὥστε
1460 803 1552 842 πολλῷ
1564 801 1751 843 χαλεπώτερον
1763 801 1810 841 βέ-

1035 851 1080 883 λος
1099 849 1189 879 λαὸεῖν
1198 871 1206 886 ,
1228 848 1274 878 καὶ
1301 848 1337 873 ”4
1347 849 1520 885 ἐνηδυπαθεῖν
1533 850 1572 888 τῷ
1585 846 1730 888 τραύματι·
1744 846 1810 888 ὅπερ

1038 894 1070 930 δὴ
1084 893 1190 923 πάντων
1213 893 1271 923 ἐστὶ
1289 892 1463 933 πικρότατον,
1486 892 1531 922 καὶ
1545 892 1594 929 τὴν
1607 892 1683 922 νόσον
1705 891 1810 922 ἀνίατον

1038 939 1185 980 ἐργάζεται.
1203 939 1238 969 Ὁ
1249 938 1299 980 γὰρ
1313 938 1351 978 μὴ
1366 940 1452 978 μισῶν
1462 937 1493 967 τὸ
1503 938 1592 974 ἕλκος,
1611 937 1679 978 μηδὲ
1691 939 1812 968 ἀπαλλα-

240 996 300 1026 ideo
314 995 463 1025 discrucior
472 1018 482 1032 ,
497 994 560 1034 quia
586 1001 659 1024 tanta
672 999 779 1033 accepta
792 991 911 1032 pernicie
924 989 987 1019 inde
1005 992 1024 1016 E
1037 987 1118 1025 γῆναι
1143 983 1314 1025 βουλόμενος,
1339 987 1398 1018 πῶς
1417 983 1448 1013 ἂν
1463 983 1631 1020 ἐπιζητήσειε
1643 983 1689 1013 τὸν
1704 983 1812 1024 ἰατρόν;

240 1043 395 1080 disceditis,
416 1050 443 1073 et
466 1049 576 1083 propter
602 1041 729 1081 exiguam
746 1040 913 1080 voluptatem
925 1048 988 1078 per-

239 1096 352 1130 petuum
365 1089 439 1118 sertis
460 1088 590 1119 dolorem.
605 1087 714 1118 Etenim
728 1093 788 1116 ante
801 1086 948 1125 gehennam
963 1090 990 1114 et

241 1135 407 1176 supplicium
414 1134 460 1164 hic
469 1141 601 1164 extremas
613 1145 628 1163 a
639 1134 718 1165 vobis
728 1142 819 1173 poenas
831 1131 986 1172 exposcitis.

242 1183 340 1211 Annon
364 1181 416 1210 hoc
427 1203 436 1217 ,
464 1180 510 1210 dic
531 1180 600 1209 mihi
609 1202 617 1216 ‚
644 1186 796 1209 extremum
823 1177 990 1218 supplicium

219 1255 221 1257 ,
242 1234 293 1263 est,
301 1226 383 1256 talem
396 1220 641 1265 concupiscentiam
650 1225 732 1261 alere,
743 1231 873 1264 perpetuo
887 1223 931 1252 uri
943 1245 951 1257 ,
963 1229 990 1252 et

242 1273 377 1302 fornacem
406 1271 518 1301 absurdi
544 1270 643 1300 amoris
671 1270 774 1310 ubique
800 1270 972 1300 circumferre
982 1291 991 1307 ,

245 1376 315 1402 locus
325 1382 364 1402 est
375 1375 519 1401 simillimus
531 1385 561 1401 ac
573 1384 632 1401 cum
647 1374 698 1401 hoc
706 1373 903 1407 comparandus.
916 1373 1006 1407 Respi-

246 1416 283 1441 cit
299 1421 383 1440 autem
393 1415 495 1441 Daniel.
509 1416 534 1446 8,
548 1416 589 1440 20.

279 1455 309 1475 ¹⁰⁴
328 1455 454 1487 στυππίον]
473 1460 558 1488 stupa.
580 1452 706 1479 Sci-ibitur
722 1453 799 1478 etiam
819 1458 946 1479 στυππιῖον.
966 1452 1008 1476 Ita

245 1493 314 1526 apud
325 1493 464 1528 ‚Chrysam
483 1493 500 1518 l.
519 1493 537 1519 l.
556 1493 661 1526 Legitur
681 1493 758 1517 etiam
775 1499 826 1516 uno
843 1502 868 1518 π.
890 1489 1008 1523 xenoph.

246 1541 272 1565 p.
287 1534 329 1558 191
337 1552 343 1564 ,
355 1533 378 1557 I)
389 1542 395 1557 ε
409 1536 496 1563 πολλὴν
507 1535 530 1559 δὲ
542 1536 624 1560 πὶτταν
634 1535 672 1558 καὶ
689 1537 815 1562 στυππεῖον,
829 1534 846 1556 ἃ
857 1532 917 1563 ταχὺ
933 1541 1010 1564 παρα-

246 1575 311 1598 καλεῖ
322 1575 408 1603 πολλὴν
421 1576 502 1607 φλόγα.

281 1612 311 1628 '⁰⁵
329 1613 418 1646 νάφθα]
436 1611 568 1646 naphtha,
589 1619 667 1644 genus
681 1607 814 1634 bituminis
834 1607 934 1641 liquidi.
947 1607 1011 1635 Vide

247 1650 314 1677 Plin.
328 1651 395 1676 Hist.
409 1653 467 1676 Nat.
482 1651 528 1676 lib.
541 1651 587 1682 11,
596 1659 653 1683 cap.
667 1650 728 1675 105.

281 1690 312 1706 ¹⁰⁶
330 1695 361 1717 τὰ
371 1691 497 1726 εἰρημένα]
509 1689 632 1723 Intelligit
643 1697 672 1714 ea
681 1707 688 1719 ‚
701 1687 734 1713 de
748 1686 839 1721 quibus
856 1686 943 1720 paullo
952 1693 1012 1712 aute

247 1728 346 1755 dixerat
358 1739 363 1753 :
375 1734 406 1755 τὰ
414 1733 511 1765 ῥήματα
519 1748 526 1760 ,
540 1733 571 1755 τὰ
580 1734 689 1762 σχήματα
699 1739 721 1753 κ.
735 1738 758 1753 τ.
770 1729 792 1752 λ.

282 1774 312 1791 ¹⁰7
330 1773 375 1795 ἅνω
385 1773 423 1795 καὶ
442 1769 523 1801 κάτω]
540 1768 567 1793 Si
583 1766 680 1793 nullum
692 1764 844 1791 vocabulum
863 1765 904 1790 hic
923 1766 948 1790 in
965 1764 1014 1791 fine

247 1808 357 1838 excidit,
370 1807 447 1833 veluti
464 1811 570 1843 φέρεται,
588 1805 757 1839 repetendum
776 1812 845 1831 certe
865 1811 902 1830 est
919 1810 1012 1838 γίνεται.

247 1847 381 1881 Chrysost.
395 1853 414 1872 t.
427 1848 461 1878 X,
482 1857 507 1880 p.
521 1849 580 1877 669,
600 1848 622 1871 E
633 1855 639 1870 :
652 1850 684 1877 τὰ
699 1850 746 1872 ἅνω
758 1850 822 1872 κάτω
834 1850 970 1879 γεγένηται,
989 1851 1016 1870 et

248 1895 275 1919 p.
288 1887 336 1911 675
349 1887 367 1910 Β
381 1895 387 1910 1
401 1890 477 1913 πάντα
488 1891 534 1912 ἅνω
552 1889 590 1912 καὶ
608 1880 671 1911 κάτώ
690 1891 821 1917 γενήσεται,
835 1890 862 1909 et
878 1891 939 1910 tom.
953 1885 996 1909 ΙΙΙ
1003 1903 1012 1915 ,

249 1934 275 1958 Ρ.
287 1926 350 1956 445,
364 1926 384 1949 Α
398 1937 403 1951 :
418 1930 493 1952 πάντα
509 1929 555 1951 ἅνω
567 1928 605 1950 καὶ
618 1928 680 1950 κάτω
693 1929 778 1956 γέγονε.

284 1963 315 1980 ¹⁰⁸
333 1963 522 1996 διακονουμένοις]
540 1970 586 1992 τοῖς
606 1965 730 1993 διακόνοις,
742 1962 952 1989 ministrantibus.
971 1963 1015 1987 Di-

249 2004 315 2028 citur
328 2005 433 2029 διακονεῖν
444 2009 471 2027 et
482 2005 636 2029 διακονεῖσθαι.
657 2003 745 2026 Δοιίνε
759 2000 837 2027 habet
855 2003 932 2027 etiam
952 2002 1015 2028 Gee-

251 2050 306 2075 gor.
318 2042 381 2066 Naz.
395 2050 421 2073 p.
438 2042 483 2066 ⁴94
497 2050 502 2065 ε
517 2043 651 2068 διακονεῖται
663 2046 703 2070 τῆς
714 2044 821 2071 ἀληθείας
832 2046 858 2068 τὸ
873 2049 925 2077 φῶς.
943 2040 1016 2067 Philo

251 2090 274 2115 p.
287 2081 344 2111 696,
355 2081 383 2112 B,
396 2081 427 2112 F,
437 2081 533 2113 passive
547 2086 573 2105 et
587 2080 668 2104 active
678 2078 765 2106 habet.

289 2125 319 2141 ¹⁰⁹
337 2118 483 2153 κακίζοντες]
501 2118 607 2143 medicos
625 2119 691 2143 malz
709 2120 855 2152 accipiunt,
877 2119 1015 2152 Interprea.

253 2159 327 2187 Male.
351 2161 418 2189 Imo,
442 2163 580 2188 accusant,
595 2157 791 2192 reprehendunt,
811 2164 839 2183 ut
854 2157 973 2184 indoctos
992 2164 1018 2184 et.

254 2198 394 2231 imperitos,
403 2196 487 2223 Habet
494 2197 566 2222 Plato
576 2206 601 2232 p.
613 2198 656 2222 45¹
674 2206 680 2221 ἔ
694 2200 855 2224 νουθετούντων
868 2201 906 2224 καὶ
917 2203 1020 2230 κακιζόν-

254 2250 308 2265 των.
322 2239 442 2271 Hei-mog.
461 2246 488 2272 p.
505 2237 553 2262 113
565 2246 571 2260 :
584 2241 705 2270 κακίσομεν
716 2241 754 2263 τὸν
765 2239 874 2269 πόλεμον,
887 2241 924 2264 καὶ
936 2243 978 2268 τὴν
988 2242 1019 2264 εἰ·

255 2284 325 2313 ρήνην
337 2280 508 2310 ἐπαινεσόμεθα.
521 2274 655 2309 Chrysosl..
671 2281 692 2301 t.
706 2276 744 2306 11,
757 2284 782 2307 p.
797 2276 854 2307 502,
872 2276 892 2300 C
902 2296 908 2307 ,
921 2281 1019 2308 κακίζειν

257 2317 366 2349 opponit
385 2323 417 2350 τῷ
433 2317 594 2350 ἀνακηρύττειν
605 2320 630 2339 ει
647 2319 774 2350 στεφανοῦν.
787 2314 821 2339 Et
839 2320 858 2339 t.
871 2315 904 2346 X,
917 2324 944 2349 p.
961 2317 1019 2347 228,

257 2358 286 2388 B,
297 2355 404 2389 opponit
414 2359 511 2383 ἐπαινεῖν
521 2360 547 2379 el.
559 2357 718 2387 ἀποδέχεσθαι.
738 2355 772 2379 Et
784 2359 803 2378 t.
822 2354 868 2385 IV,
880 2362 906 2388 p.
927 2355 969 2386 38,
982 2356 1001 2379 Β
1013 2368 1018 2381 :

258 2400 279 2422 oi
297 2399 362 2422 αὐτοὶ
373 2398 409 2421 νῦν
419 2396 463 2427 μὶν
474 2397 586 2421 ἐπαινοῦσι
596 2412 603 2424 ,
619 2397 654 2419 νῦν
665 2395 689 2419 δὲ
700 2397 814 2425 κακίζουσι
831 2397 870 2420 τὸν
882 2396 958 2420 αὐτόν.
971 2394 1022 2419 Eo-

259 2435 317 2460 dem
331 2433 408 2460 modo
420 2432 516 2458 dicitur
532 2435 654 2468 φαυλίζειν-
675 2431 791 2465 Xenoph.
810 2432 886 2460 Mem.
906 2433 979 2459 Socr.
990 2434 1004 2458 1
1013 2453 1019 2465 ‚

260 2476 285 2504 6,
300 2475 323 2498 5.
339 2474 466 2506 lutei-pres
478 2473 504 2498 in
515 2478 600 2498 mente
612 2471 711 2498 videtur
726 2470 843 2496 habuisse
858 2477 903 2496 aut
920 2475 1020 2505 αἰκίςειν,

261 2518 306 2537 aut
317 2516 406 2538 κακοῦν.

294 2557 324 2567 ¹¹⁰
342 2550 519 2585 διακονούντων]
537 2549 673 2582 Quomodo
691 2555 775 2575 autem
801 2549 850 2575 hoc
869 2558 883 2575 a
899 2550 1020 2583 superiori

1039 1030 1091 1060 Διὰ
1101 1032 1186 1059 ταῦτα
1200 1030 1332 1069 ὀδυνῶμαι
1345 1029 1391 1059 καὶ
1406 1028 1583 1068 διακόπτομαι
1592 1051 1600 1066 ,
1620 1027 1660 1058 ὅτι
1682 1028 1813 1064 τοσαύτην

1039 1075 1127 1115 λύμην
1153 1076 1189 1095 ¹¹⁵
1194 1074 1392 1114 λαμὸάνοντες,
1410 1076 1508 1104 ἐκεῖθεν
1521 1074 1698 1114 κατέρχεσθε,
1712 1074 1758 1104 καὶ
1771 1073 1814 1103 διὰ

1041 1122 1138 1163 μικρὰν
1148 1121 1243 1159 ἡδονὴν
1253 1121 1360 1158 διηνεκῆ
1371 1120 1420 1157 τὴν
1430 1119 1523 1157 ὀδύνην
1533 1119 1686 1159 ὑπομένετε.
1703 1119 1756 1150 Καὶ
1763 1119 1815 1160 γὰρ

1041 1170 1087 1200 καὶ
1109 1170 1223 1210 πρὸτῆς
1238 1168 1344 1209 γεέννης
1370 1168 1407 1189 ¹¹⁶
1415 1168 1461 1199 καὶ
1474 1170 1522 1205 τῆς
1547 1168 1681 1202 κολάσεως
1703 1169 1816 1199 ἐνταῦθα

1042 1218 1091 1255 τὴν
1099 1218 1216 1259 ἐσχάτην
1228 1217 1335 1252 ἑαυτοὺς
1348 1219 1485 1248 ἀπαιτεῖτε
1497 1217 1584 1254 δίκην.
1598 1217 1638 1247 Ἢ
1645 1218 1694 1247 οὐκ
1701 1217 1818 1258 ἐσχάτης

1042 1268 1184 1308 τιμωρίας,
1195 1267 1254 1298 εἰπέ
1269 1279 1331 1308 μοι,
1345 1268 1486 1308 ἐπιθυμίαν
1497 1267 1621 1306 τοιαύτην
1635 1268 1739 1310 τρέφειν
1749 1290 1758 1306 ,
1772 1267 1818 1298 καὶ

1055 1379 1102 1403 τοῖς
1117 1375 1293 1407 διακονουμένοις
1310 1371 1397 1399 differi.
1406 1372 1419 1398 Ρ
1429 1373 1533 1399 Scilicet
1549 1372 1664 1406 superius
1683 1371 1749 1398 dixit
1762 1380 1819 1403 cos,

1057 1412 1099 1446 qui
1111 1419 1206 1446 aegroto
1223 1412 1308 1438 morbi
1325 1421 1400 1438 causa
1419 1413 1565 1438 ministrant
1573 1431 1583 1443 ,
1595 1413 1640 1446 qui
1650 1420 1708 1437 eum
1720 1417 1820 1437 curant..

1057 1453 1107 1477 uic
1122 1451 1154 1477 de
1170 1453 1249 1487 servis
1258 1453 1285 1478 iu
1296 1460 1385 1486 genere
1395 1452 1468 1478 dicit.

1094 1495 1124 1508 '³¹
1143 1491 1274 1527 ἀλλοιοῦσι]
1286 1492 1295 1524 [
1305 1491 1348 1517 sic
1357 1491 1452 1525 Coisl.]
1464 1492 1593 1523 Interpres
1601 1511 1608 1523 ,
1629 1491 1739 1524 inquieti
1753 1496 1820 1516 sunt.

1060 1531 1128 1564 Ergo
1146 1534 1250 1562 ἀλύουσι,
1270 1530 1339 1564 quod
1357 1538 1384 1557 et
1401 1531 1464 1557 mihi
1483 1529 1616 1564 probatur,
1634 1530 1662 1555 id
1678 1537 1730 1563 est,
1750 1535 1822 1558 ἀστα-

1059 1574 1136 1601 τοῦσι,
1149 1573 1300 1606 δυσφοροῦσιν,
1321 1575 1439 1603 ἀγωνιῶσι.
1458 1571 1525 1596 Nam
1544 1573 1648 1597 ἀλλοιοῦν
1658 1578 1711 1595 non
1730 1569 1823 1595 dicitur

1060 1613 1220 1643 ἀμιταὸάτως.
1231 1609 1339 1635 Debet-et
1349 1610 1438 1635 saltem
1450 1618 1503 1635 esse
1517 1613 1670 1636 ἀλλοιοῦνται.
1681 1609 1824 1642 Utrumque

1061 1647 1214 1675 vocabulum
1231 1650 1315 1683 jungit
1333 1650 1411 1674 etiam
1427 1654 1448 1676 2.
1467 1650 1510 1679 11,
1525 1657 1553 1683 p.
1574 1649 1632 1680 188,
1649 1649 1670 1673 Δ
1682 1657 1688 1672 =
1700 1650 1775 1677 ἀλύεις
1786 1652 1824 1674 καὶ

1061 1691 1216 1724 &apponim-
1235 1689 1270 1713 Εἰ
1287 1696 1315 1722 Ρ.
1335 1688 1394 1721 713,
1409 1688 1432 1713 D
1448 1700 1454 1715 :
1475 1690 1583 1722 ἀλύομεν,
1600 1690 1823 1721 δυσανασχετοῦμεν,

1062 1730 1245 1763 δυσχεραίνομεν.

1097 1773 1128 1785 ¹¹⁸
1144 1766 1243 1802 datium]
1254 1772 1296 1798 τὴν
1306 1773 1399 1804 πόρνην.

1097 1809 1128 1824 ¹¹³
1143 1809 1270 1843 πιριδιώκιι
1280 1806 1290 1841 ]
1300 1807 1358 1832 Non
1370 1805 1437 1832 dixit
1453 1811 1563 1842 περιέπει,
1577 1806 1631 1838 sed,
1641 1806 1712 1841 quod
1723 1806 1825 1841 gravius
1836 1811 1853 1819 ·“

1063 1852 1101 1872 est
1112 1865 1119 1877 ‚
1131 1848 1266 1880 περιδιώκιι.

1095 1886 1125 1906 ¹¹⁴
1137 1887 1280 1914 ἆνηδυπαθιῖν
1288 1885 1299 1917 ]
1307 1884 1430 1909 oblectari
1444 1892 1471 1908 re
1486 1883 1577 1918 aliqua
1585 1904 1595 1915 ‚
1611 1885 1768 1919 *uoluptatem
1779 1894 1825 1910 ca.

1061 1933 1130 1959 pere.
1143 1923 1230 1950 Habet
1240 1923 1374 1958 Chrysosz.
1386 1929 1408 1950 t.
1420 1924 1463 1949 111
1471 1942 1479 1956 ‚
1492 1932 1519 1958 p.
1531 1924 1592 1955 450,
1603 1925 1627 1949 D
1639 1936 1645 1950 :
1660 1930 1707 1954 τοῖς
1718 1929 1826 1959 παροῦσιν

1064 1966 1239 1993 ἐνηδυπαθοῦσαι
1250 1966 1355 1997 (ψυχαὶ)
1366 1967 1506 1998 πράγμασιν.
1520 1961 1589 1988 Ibid.
1607 1972 1634 1998 p.
1657 1964 1698 1996 26,
1715 1964 1739 1988 D
1758 1976 1764 1990 :
1780 1971 1827 1994 τοῖς

1064 2006 1206 2040 φιλοσάρκοις
1222 2004 1407 2032 ἐνηδυπαθοῦντες
1425 2005 1547 2035 λογισμοῖς.
1567 2001 1640 2028 Philo
1651 2011 1678 2036 p.
1702 2003 1760 2034 619,
1781 2004 1805 2028 D
1819 2013 1825 2027 z

1065 2049 1115 2072 ταῖς
1124 2049 1169 2068 τῶν
1185 2045 1269 2068 οικιὶων
1280 2044 1390 2074 εὐτυχίαις
1405 2044 1539 2075 ἐπαρθέντας
1553 2043 1731 2070 ἑνηδυπάθησαν.
1750 2042 1828 2067 Forte

1065 2086 1150 2106 autem
1168 2082 1300 2110 ὄνηδυπαθᾱ
1315 2078 1465 2113 legendum,
1487 2085 1515 2104 ut
1531 2081 1700 2114 conjungatur
1715 2089 1774 2106 cum
1786 2092 1827 2108 πι-

1065 2122 1171 2156 ριδιώκιι.
1184 2117 1274 2145 Obiter
1283 2127 1314 2143 ex
1324 2118 1509 2152 Chryaostomo
1521 2124 1583 2144 noto
1594 2118 1646 2144 duo
1657 2118 1782 2145 vocabula
1793 2120 1828 2145 si-

1065 2158 1150 2190 milia,
1162 2161 1314 2191 ἆνηδύνισθαι,
1332 2164 1353 2184 t.
1372 2159 1423 2189 111,
1438 2166 1466 2192 p.
1480 2159 1543 2189 146,
1554 2159 1585 2184 C.
1597 2165 1623 2184 et
1631 2163 1811 2195 ἑνευφραίνεσθαι
1819 2179 1827 2192 ,

1069 2205 1089 2224 t.
1102 2199 1134 2231 V,
1143 2207 1170 2232 p.
1182 2199 1240 2228 303,
1253 2198 1283 2229 C,
1294 2204 1320 2223 et
1332 2204 1351 2223 t.
1362 2198 1422 2228 VII,
1435 2205 1463 2232 p.
1477 2199 1536 2230 642,
1549 2198 1592 2224 fin.
1607 2199 1726 2224 Activum
1738 2199 1830 2224 transi-

1069 2237 1120 2264 tive
1130 2235 1209 2263 habet
1227 2237 1333 2263 Lucinn.
1353 2243 1372 2262 t..
1390 2238 1441 2267 111,
1457 2245 1485 2270 p.
1505 2238 1554 2262 588
1566 2250 1571 2264 :
1584 2240 1686 2271 μελῳδία
1704 2243 1746 2268 τὰς
1760 2242 1830 2268 ἀκοὰς

1068 2280 1213 2308 ἐνηδὺνουσα,
1225 2276 1355 2302 oblectans
1373 2285 1455 2301 aures.

1104 2321 1135 2337 ¹¹⁵
1154 2318 1317 2350 λαμδάνοντες]
1331 2317 1416 2348 Fene,
1426 2318 1541 2346 λαθόντες.
1554 2317 1682 2348 luten-pru
1689 2316 1766 2340 etiam
1783 2324 1830 2340 ac-

1070 2362 1142 2391 cepta
1153 2354 1241 2382 habet..

1104 2395 1135 2411 ¹¹⁶
1153 2399 1191 2422 καὶ
1202 2401 1242 2426 τῆς
1253 2394 1379 2427 κολάσεως]
1389 2395 1479 2427 Forte,
1491 2398 1529 2421 καὶ
1537 2401 1577 2424 τῆς
1586 2397 1630 2420 ἂκιῖ
1641 2396 1762 2423 κολάσεως.
1772 2393 1832 2418 Mox

1069 2435 1136 2460 enim
1148 2436 1285 2468 opponitur
1297 2438 1401 2461 ἐνταῦθα.
1414 2434 1498 2459 Locus
1508 2432 1596 2459 similis
1604 2439 1643 2459 est.
1652 2439 1672 2459 t.
1685 2433 1719 2465 X,
1733 2441 1760 2467 p.
1773 2434 1833 2464 2⁴0,

1070 2474 1105 2498 B:
1119 2479 1163 2510 πρὸ
1175 2480 1216 2504 τῆς
1232 2477 1318 2507 γεέννης
1329 2477 1366 2500 καὶ
1381 2478 1426 2508 πρὸ
1438 2479 1480 2503 τῆς
1494 2475 1606 2503 κολάσεως
1623 2476 1722 2505 lucium,
1741 2477 1832 2508 μυρίοις

1071 2517 1185 2540 κάνταῦθα
1196 2517 1258 2547 ἡμᾶς
1275 2515 1407 2548 περιὸάλλσι
1417 2515 1532 2546 πολέμοις.
