<?xml version="1.0" encoding="UTF-8"?>
<!DOCTYPE html PUBLIC "-//W3C//DTD XHTML 1.0 Transitional//EN"
    "http://www.w3.org/TR/xhtml1/DTD/xhtml1-transitional.dtd">
<html xmlns="http://www.w3.org/1999/xhtml" xml:lang="en" lang="en">
 <head>
  <title>
</title>
<meta http-equiv="Content-Type" content="text/html;charset=utf-8" />
  <meta name='ocr-system' content='tesseract 3.04.00' />
  <meta name='ocr-capabilities' content='ocr_page ocr_carea ocr_par ocr_line ocrx_word'/>
</head>
<body>
  <div class='ocr_page' id='page_1' title='image "./operaomniaquaeex06johnuoft_0402.png"; bbox 0 0 1890 2826; ppageno 0'>
   <div class='ocr_carea' id='block_1_1' title="bbox 92 415 232 445">
    <p class='ocr_par' dir='ltr' id='par_1_1' title="bbox 92 415 232 445">
     <span class='ocr_line' id='line_1_1' title="bbox 92 415 232 445; baseline 0 -8"><span class='ocrx_word' id='word_1_1' title='bbox 92 415 232 445; x_wconf 69' lang='lat' dir='ltr'>&#39;lebr.9.18.</span> 
     </span>
    </p>
   </div>
   <div class='ocr_carea' id='block_1_2' title="bbox 96 929 225 983">
    <p class='ocr_par' dir='ltr' id='par_1_2' title="bbox 96 929 225 983">
     <span class='ocr_line' id='line_1_2' title="bbox 96 929 225 953; baseline -0.016 0"><span class='ocrx_word' id='word_1_2' title='bbox 96 930 172 953; x_wconf 76' lang='lat' dir='ltr'>Exod.</span> <span class='ocrx_word' id='word_1_3' title='bbox 186 929 225 952; x_wconf 80' lang='lat'>32.</span> 
     </span>
     <span class='ocr_line' id='line_1_3' title="bbox 97 967 134 983; baseline 0 -1"><span class='ocrx_word' id='word_1_4' title='bbox 97 967 134 983; x_wconf 82' lang='grc' dir='ltr'>ιο,</span> 
     </span>
    </p>
   </div>
   <div class='ocr_carea' id='block_1_3' title="bbox 95 1115 220 1169">
    <p class='ocr_par' dir='ltr' id='par_1_3' title="bbox 95 1115 220 1169">
     <span class='ocr_line' id='line_1_4' title="bbox 95 1115 220 1138; baseline -0.016 0"><span class='ocrx_word' id='word_1_5' title='bbox 95 1116 173 1138; x_wconf 72' lang='grc' dir='ltr'>Ειοά.</span> <span class='ocrx_word' id='word_1_6' title='bbox 181 1115 220 1137; x_wconf 75' lang='lat'>32.</span> 
     </span>
     <span class='ocr_line' id='line_1_5' title="bbox 97 1145 209 1169; baseline -0.009 0"><span class='ocrx_word' id='word_1_7' title='bbox 97 1145 209 1169; x_wconf 84' lang='lat'>26.-28.</span> 
     </span>
    </p>
   </div>
   <div class='ocr_carea' id='block_1_4' title="bbox 97 1298 238 1355">
    <p class='ocr_par' dir='ltr' id='par_1_4' title="bbox 97 1298 238 1355">
     <span class='ocr_line' id='line_1_6' title="bbox 97 1298 238 1322; baseline 0 0"><span class='ocrx_word' id='word_1_8' title='bbox 97 1301 176 1322; x_wconf 33' lang='lat' dir='ltr'>Eiwd.</span> <span class='ocrx_word' id='word_1_9' title='bbox 198 1298 238 1322; x_wconf 80' lang='lat'>32.</span> 
     </span>
     <span class='ocr_line' id='line_1_7' title="bbox 97 1331 185 1355; baseline -0.011 -1"><span class='ocrx_word' id='word_1_10' title='bbox 97 1331 136 1354; x_wconf 84' lang='lat'>31.</span> <span class='ocrx_word' id='word_1_11' title='bbox 147 1332 185 1355; x_wconf 81' lang='lat'>32.</span> 
     </span>
    </p>
   </div>
   <div class='ocr_carea' id='block_1_5' title="bbox 100 1437 222 1491">
    <p class='ocr_par' dir='ltr' id='par_1_5' title="bbox 100 1437 222 1491">
     <span class='ocr_line' id='line_1_8' title="bbox 100 1437 222 1461; baseline 0.008 -2"><span class='ocrx_word' id='word_1_12' title='bbox 100 1437 222 1461; x_wconf 69' lang='lat' dir='ltr'>Exod.33.</span> 
     </span>
     <span class='ocr_line' id='line_1_9' title="bbox 101 1473 136 1491; baseline 0.029 -1"><span class='ocrx_word' id='word_1_13' title='bbox 101 1473 108 1490; x_wconf 86' lang='grc' dir='ltr'>Ι</span> <span class='ocrx_word' id='word_1_14' title='bbox 117 1476 136 1491; x_wconf 83' lang='lat'>1.</span> 
     </span>
    </p>
   </div>
   <div class='ocr_carea' id='block_1_6' title="bbox 101 1942 223 1997">
    <p class='ocr_par' dir='ltr' id='par_1_6' title="bbox 101 1942 223 1997">
     <span class='ocr_line' id='line_1_10' title="bbox 101 1942 223 1966; baseline 0.016 -2"><span class='ocrx_word' id='word_1_15' title='bbox 101 1949 124 1965; x_wconf 77' lang='lat'>2.</span> <span class='ocrx_word' id='word_1_16' title='bbox 135 1942 189 1965; x_wconf 78' lang='lat' dir='ltr'>Cor.</span> <span class='ocrx_word' id='word_1_17' title='bbox 200 1944 223 1966; x_wconf 84' lang='lat'>3.</span> 
     </span>
     <span class='ocr_line' id='line_1_11' title="bbox 103 1974 140 1997; baseline -0.054 0"><span class='ocrx_word' id='word_1_18' title='bbox 103 1974 140 1997; x_wconf 78' lang='lat'>13.</span> 
     </span>
    </p>
   </div>
   <div class='ocr_carea' id='block_1_7' title="bbox 244 152 314 188">
    <p class='ocr_par' dir='ltr' id='par_1_7' title="bbox 244 152 314 188">
     <span class='ocr_line' id='line_1_12' title="bbox 244 152 314 188; baseline 0 0"><span class='ocrx_word' id='word_1_19' title='bbox 244 152 314 188; x_wconf 80' lang='lat'>586</span> 
     </span>
    </p>
   </div>
   <div class='ocr_carea' id='block_1_8' title="bbox 241 224 988 499">
    <p class='ocr_par' dir='ltr' id='par_1_8' title="bbox 241 224 988 499">
     <span class='ocr_line' id='line_1_13' title="bbox 241 224 988 266; baseline 0.001 -11"><span class='ocrx_word' id='word_1_20' title='bbox 241 225 347 255; x_wconf 78' lang='lat' dir='ltr'>deserto</span> <span class='ocrx_word' id='word_1_21' title='bbox 371 235 456 265; x_wconf 84' lang='lat' dir='ltr'>usque</span> <span class='ocrx_word' id='word_1_22' title='bbox 476 224 512 255; x_wconf 88' lang='lat' dir='ltr'>ad</span> <span class='ocrx_word' id='word_1_23' title='bbox 530 225 709 266; x_wconf 77' lang='lat' dir='ltr'>Euphratem.</span> <span class='ocrx_word' id='word_1_24' title='bbox 738 226 817 256; x_wconf 89' lang='lat' dir='ltr'>Tunc</span> <span class='ocrx_word' id='word_1_25' title='bbox 837 226 988 256; x_wconf 88' lang='lat' dir='ltr'>immolavit</span> 
     </span>
     <span class='ocr_line' id='line_1_14' title="bbox 242 271 984 312; baseline -0.001 -11"><span class='ocrx_word' id='word_1_26' title='bbox 242 273 363 312; x_wconf 84' lang='lat' dir='ltr'><strong>Moyses,</strong></span> <span class='ocrx_word' id='word_1_27' title='bbox 376 278 403 301; x_wconf 89' lang='lat' dir='ltr'>et</span> <span class='ocrx_word' id='word_1_28' title='bbox 411 271 556 301; x_wconf 88' lang='lat' dir='ltr'>dimidium</span> <span class='ocrx_word' id='word_1_29' title='bbox 571 272 709 311; x_wconf 80' lang='lat' dir='ltr'>sanguinis</span> <span class='ocrx_word' id='word_1_30' title='bbox 721 271 817 302; x_wconf 78' lang='lat' dir='ltr'>effudit</span> <span class='ocrx_word' id='word_1_31' title='bbox 829 272 865 301; x_wconf 90' lang='lat' dir='ltr'>ad</span> <span class='ocrx_word' id='word_1_32' title='bbox 876 272 959 302; x_wconf 87' lang='lat' dir='ltr'>altare</span> <span class='ocrx_word' id='word_1_33' title='bbox 977 284 984 300; x_wconf 89' lang='lat'><strong>:</strong></span> 
     </span>
     <span class='ocr_line' id='line_1_15' title="bbox 242 318 986 359; baseline 0.001 -12"><span class='ocrx_word' id='word_1_34' title='bbox 242 318 428 358; x_wconf 78' lang='lat' dir='ltr'>accipiensque</span> <span class='ocrx_word' id='word_1_35' title='bbox 439 318 596 358; x_wconf 80' lang='lat' dir='ltr'>sanguinem</span> <span class='ocrx_word' id='word_1_36' title='bbox 607 318 719 359; x_wconf 81' lang='lat' dir='ltr'>aspersit</span> <span class='ocrx_word' id='word_1_37' title='bbox 726 318 868 359; x_wconf 89' lang='lat' dir='ltr'>populum.</span> <span class='ocrx_word' id='word_1_38' title='bbox 881 320 986 349; x_wconf 87' lang='lat' dir='ltr'>Horum</span> 
     </span>
     <span class='ocr_line' id='line_1_16' title="bbox 243 364 984 405; baseline 0 -11"><span class='ocrx_word' id='word_1_39' title='bbox 243 365 366 394; x_wconf 85' lang='lat' dir='ltr'>meminit</span> <span class='ocrx_word' id='word_1_40' title='bbox 379 365 482 395; x_wconf 84' lang='lat' dir='ltr'>Paulus</span> <span class='ocrx_word' id='word_1_41' title='bbox 495 365 523 394; x_wconf 89' lang='lat' dir='ltr'>in</span> <span class='ocrx_word' id='word_1_42' title='bbox 536 364 659 405; x_wconf 76' lang='lat' dir='ltr'>Epistola</span> <span class='ocrx_word' id='word_1_43' title='bbox 676 364 712 395; x_wconf 88' lang='lat' dir='ltr'>ad</span> <span class='ocrx_word' id='word_1_44' title='bbox 726 365 854 395; x_wconf 86' lang='lat' dir='ltr'>Hebraeos</span> <span class='ocrx_word' id='word_1_45' title='bbox 864 365 956 395; x_wconf 90' lang='lat' dir='ltr'>dicens</span> <span class='ocrx_word' id='word_1_46' title='bbox 975 376 984 395; x_wconf 69' lang='grc' dir='ltr'>ε</span> 
     </span>
     <span class='ocr_line' id='line_1_17' title="bbox 244 411 984 452; baseline 0.003 -12"><span class='ocrx_word' id='word_1_47' title='bbox 244 411 346 452; x_wconf 82' lang='lat' dir='ltr'><strong><em>Neque</em></strong></span> <span class='ocrx_word' id='word_1_48' title='bbox 357 413 483 451; x_wconf 87' lang='lat' dir='ltr'>primum</span> <span class='ocrx_word' id='word_1_49' title='bbox 494 417 699 442; x_wconf 80' lang='lat' dir='ltr'>testamentum</span> <span class='ocrx_word' id='word_1_50' title='bbox 712 413 775 441; x_wconf 84' lang='lat' dir='ltr'>sine</span> <span class='ocrx_word' id='word_1_51' title='bbox 782 414 927 452; x_wconf 80' lang='lat' dir='ltr'>sanguine</span> <span class='ocrx_word' id='word_1_52' title='bbox 939 422 984 442; x_wconf 84' lang='lat' dir='ltr'>re-</span> 
     </span>
     <span class='ocr_line' id='line_1_18' title="bbox 245 458 985 499; baseline 0 -12"><span class='ocrx_word' id='word_1_53' title='bbox 245 464 383 488; x_wconf 81' lang='lat' dir='ltr'>novatum</span> <span class='ocrx_word' id='word_1_54' title='bbox 402 465 455 487; x_wconf 87' lang='lat' dir='ltr'>est.</span> <span class='ocrx_word' id='word_1_55' title='bbox 469 459 487 489; x_wconf 88' lang='lat' dir='ltr'><strong>J</strong></span> <span class='ocrx_word' id='word_1_56' title='bbox 490 458 586 488; x_wconf 87' lang='lat' dir='ltr'>uhetur</span> <span class='ocrx_word' id='word_1_57' title='bbox 601 460 710 499; x_wconf 79' lang='lat' dir='ltr'>Moyses</span> <span class='ocrx_word' id='word_1_58' title='bbox 721 458 863 489; x_wconf 82' lang='lat' dir='ltr'>ascendere</span> <span class='ocrx_word' id='word_1_59' title='bbox 875 466 900 488; x_wconf 89' lang='lat' dir='ltr'>et</span> <span class='ocrx_word' id='word_1_60' title='bbox 913 458 985 488; x_wconf 84' lang='lat' dir='ltr'>acci-</span> 
     </span>
    </p>
   </div>
   <div class='ocr_carea' id='block_1_9' title="bbox 579 148 1472 190">
    <p class='ocr_par' dir='ltr' id='par_1_9' title="bbox 579 148 1472 190">
     <span class='ocr_line' id='line_1_19' title="bbox 579 148 1472 190; baseline 0.001 -3"><span class='ocrx_word' id='word_1_61' title='bbox 579 164 609 188; x_wconf 83' lang='lat' dir='ltr'>S.</span> <span class='ocrx_word' id='word_1_62' title='bbox 637 164 776 189; x_wconf 73' lang='lat' dir='ltr'>JoANMS</span> <span class='ocrx_word' id='word_1_63' title='bbox 802 164 986 189; x_wconf 75' lang='lat' dir='ltr'>CHRYSOST.</span> <span class='ocrx_word' id='word_1_64' title='bbox 1015 165 1172 188; x_wconf 72' lang='lat' dir='ltr'>Anctssm’.</span> <span class='ocrx_word' id='word_1_65' title='bbox 1199 148 1472 190; x_wconf 69' lang='lat' dir='ltr'>chsTANTtNOP.</span> 
     </span>
    </p>
   </div>
   <div class='ocr_carea' id='block_1_10' title="bbox 1041 226 1815 499">
    <p class='ocr_par' dir='ltr' id='par_1_10' title="bbox 1041 226 1815 499">
     <span class='ocr_line' id='line_1_20' title="bbox 1041 226 1814 268; baseline 0.001 -12"><span class='ocrx_word' id='word_1_66' title='bbox 1041 226 1136 266; x_wconf 76' lang='grc' dir='ltr'>πρώτη</span> <span class='ocrx_word' id='word_1_67' title='bbox 1160 227 1272 265; x_wconf 83' lang='grc' dir='ltr'>διαθήκη</span> <span class='ocrx_word' id='word_1_68' title='bbox 1294 228 1377 268; x_wconf 82' lang='grc' dir='ltr'>χωρὶς</span> <span class='ocrx_word' id='word_1_69' title='bbox 1401 228 1512 267; x_wconf 82' lang='grc' dir='ltr'>αἵματος</span> <span class='ocrx_word' id='word_1_70' title='bbox 1534 227 1737 268; x_wconf 74' lang='grc' dir='ltr'>ἐγκεκαίνισται.</span> <span class='ocrx_word' id='word_1_71' title='bbox 1759 228 1814 259; x_wconf 80' lang='grc' dir='ltr'>Κι-</span> 
     </span>
     <span class='ocr_line' id='line_1_21' title="bbox 1041 270 1813 315; baseline 0.003 -14"><span class='ocrx_word' id='word_1_72' title='bbox 1041 271 1148 302; x_wconf 80' lang='grc' dir='ltr'>λεῦεται</span> <span class='ocrx_word' id='word_1_73' title='bbox 1167 275 1286 309; x_wconf 85' lang='grc' dir='ltr'>Μωῦσῆς</span> <span class='ocrx_word' id='word_1_74' title='bbox 1307 274 1421 304; x_wconf 83' lang='grc' dir='ltr'>ἀνελθὼν</span> <span class='ocrx_word' id='word_1_75' title='bbox 1440 274 1533 315; x_wconf 44' lang='grc' dir='ltr'>μλοιὸεῑν</span> <span class='ocrx_word' id='word_1_76' title='bbox 1547 273 1581 303; x_wconf 83' lang='grc' dir='ltr'>τὰ</span> <span class='ocrx_word' id='word_1_77' title='bbox 1595 273 1684 308; x_wconf 80' lang='grc' dir='ltr'>πυξία.</span> <span class='ocrx_word' id='word_1_78' title='bbox 1707 274 1759 303; x_wconf 75' lang='grc' dir='ltr'>Καὶ</span> <span class='ocrx_word' id='word_1_79' title='bbox 1780 270 1813 310; x_wconf 75' lang='grc' dir='ltr'>ἧν</span> 
     </span>
     <span class='ocr_line' id='line_1_22' title="bbox 1044 318 1813 361; baseline 0.004 -14"><span class='ocrx_word' id='word_1_80' title='bbox 1044 318 1098 347; x_wconf 80' lang='grc' dir='ltr'>ἐκεῖ</span> <span class='ocrx_word' id='word_1_81' title='bbox 1110 319 1306 360; x_wconf 82' lang='grc' dir='ltr'>τεσσαράκοντα</span> <span class='ocrx_word' id='word_1_82' title='bbox 1318 319 1419 361; x_wconf 84' lang='grc' dir='ltr'>ἡμέρας</span> <span class='ocrx_word' id='word_1_83' title='bbox 1437 319 1483 350; x_wconf 77' lang='grc' dir='ltr'>καὶ</span> <span class='ocrx_word' id='word_1_84' title='bbox 1500 320 1698 360; x_wconf 81' lang='grc' dir='ltr'>τεσσαράκοντα</span> <span class='ocrx_word' id='word_1_85' title='bbox 1709 320 1813 354; x_wconf 82' lang='grc' dir='ltr'>νύκτας.</span> 
     </span>
     <span class='ocr_line' id='line_1_23' title="bbox 1043 364 1814 403; baseline 0.001 -9"><span class='ocrx_word' id='word_1_86' title='bbox 1043 364 1159 395; x_wconf 79' lang='grc' dir='ltr'><strong>’Ἤκουσε</strong></span> <span class='ocrx_word' id='word_1_87' title='bbox 1184 365 1212 396; x_wconf 79' lang='grc' dir='ltr'>δὲ</span> <span class='ocrx_word' id='word_1_88' title='bbox 1235 366 1285 403; x_wconf 83' lang='grc' dir='ltr'>τὴν</span> <span class='ocrx_word' id='word_1_89' title='bbox 1307 366 1424 401; x_wconf 78' lang='grc' dir='ltr'>διάταξιν</span> <span class='ocrx_word' id='word_1_90' title='bbox 1445 368 1493 402; x_wconf 87' lang='grc' dir='ltr'>τῆς</span> <span class='ocrx_word' id='word_1_91' title='bbox 1516 369 1631 402; x_wconf 79' lang='grc' dir='ltr'>σκηνῆς,</span> <span class='ocrx_word' id='word_1_92' title='bbox 1651 366 1696 396; x_wconf 78' lang='grc' dir='ltr'>καὶ</span> <span class='ocrx_word' id='word_1_93' title='bbox 1715 368 1769 396; x_wconf 79' lang='grc' dir='ltr'>τῶν</span> <span class='ocrx_word' id='word_1_94' title='bbox 1786 368 1814 396; x_wconf 83' lang='grc' dir='ltr'>ἐν</span> 
     </span>
     <span class='ocr_line' id='line_1_24' title="bbox 1044 411 1814 453; baseline 0.001 -13"><span class='ocrx_word' id='word_1_95' title='bbox 1044 413 1111 451; x_wconf 76' lang='grc' dir='ltr'>αὐτῇ</span> <span class='ocrx_word' id='word_1_96' title='bbox 1119 433 1127 447; x_wconf 96' lang='grc'>,</span> <span class='ocrx_word' id='word_1_97' title='bbox 1141 411 1186 442; x_wconf 77' lang='grc' dir='ltr'>καὶ</span> <span class='ocrx_word' id='word_1_98' title='bbox 1199 414 1246 448; x_wconf 84' lang='grc' dir='ltr'>τῆς</span> <span class='ocrx_word' id='word_1_99' title='bbox 1259 414 1393 453; x_wconf 78' lang='grc' dir='ltr'>ἱερατικῆς</span> <span class='ocrx_word' id='word_1_100' title='bbox 1403 413 1512 450; x_wconf 78' lang='grc' dir='ltr'>στολῆς,</span> <span class='ocrx_word' id='word_1_101' title='bbox 1523 412 1569 443; x_wconf 81' lang='grc' dir='ltr'>καὶ</span> <span class='ocrx_word' id='word_1_102' title='bbox 1577 413 1625 448; x_wconf 88' lang='grc' dir='ltr'>τῆς</span> <span class='ocrx_word' id='word_1_103' title='bbox 1635 411 1749 453; x_wconf 86' lang='grc' dir='ltr'>χρίσεως</span> <span class='ocrx_word' id='word_1_104' title='bbox 1760 414 1814 442; x_wconf 78' lang='grc' dir='ltr'>τῶν</span> 
     </span>
     <span class='ocr_line' id='line_1_25' title="bbox 1042 454 1815 499; baseline 0.003 -13"><span class='ocrx_word' id='word_1_105' title='bbox 1042 457 1143 497; x_wconf 78' lang='grc' dir='ltr'>ἱερέων,</span> <span class='ocrx_word' id='word_1_106' title='bbox 1159 457 1204 488; x_wconf 83' lang='grc' dir='ltr'>καὶ</span> <span class='ocrx_word' id='word_1_107' title='bbox 1221 461 1273 489; x_wconf 82' lang='grc' dir='ltr'>τῶν</span> <span class='ocrx_word' id='word_1_108' title='bbox 1295 458 1406 499; x_wconf 83' lang='grc' dir='ltr'>λύτρων.</span> <span class='ocrx_word' id='word_1_109' title='bbox 1421 460 1514 489; x_wconf 77' lang='grc' dir='ltr'>Ταῦτα</span> <span class='ocrx_word' id='word_1_110' title='bbox 1537 458 1564 488; x_wconf 78' lang='grc' dir='ltr'>δὲ</span> <span class='ocrx_word' id='word_1_111' title='bbox 1584 454 1617 495; x_wconf 72' lang='grc' dir='ltr'>ἦν</span> <span class='ocrx_word' id='word_1_112' title='bbox 1630 459 1661 488; x_wconf 77' lang='grc' dir='ltr'>τὸ</span> <span class='ocrx_word' id='word_1_113' title='bbox 1673 458 1756 497; x_wconf 81' lang='grc' dir='ltr'>ἥμισυ</span> <span class='ocrx_word' id='word_1_114' title='bbox 1768 462 1815 488; x_wconf 79' lang='grc' dir='ltr'>τοῦ</span> 
     </span>
    </p>
   </div>
   <div class='ocr_carea' id='block_1_11' title="bbox 244 503 1813 545">
    <p class='ocr_par' dir='ltr' id='par_1_11' title="bbox 244 503 1813 545">
     <span class='ocr_line' id='line_1_26' title="bbox 244 503 1813 545; baseline 0.001 -13"><span class='ocrx_word' id='word_1_115' title='bbox 244 515 307 544; x_wconf 87' lang='lat' dir='ltr'>pere</span> <span class='ocrx_word' id='word_1_116' title='bbox 332 503 448 533; x_wconf 82' lang='lat' dir='ltr'>tabulas.</span> <span class='ocrx_word' id='word_1_117' title='bbox 462 505 498 534; x_wconf 93' lang='lat' dir='ltr'>Et</span> <span class='ocrx_word' id='word_1_118' title='bbox 517 511 573 539; x_wconf 79' lang='lat' dir='ltr'>erat</span> <span class='ocrx_word' id='word_1_119' title='bbox 594 504 632 534; x_wconf 79' lang='lat' dir='ltr'>ibi</span> <span class='ocrx_word' id='word_1_120' title='bbox 652 504 827 545; x_wconf 78' lang='lat' dir='ltr'>quadraginta</span> <span class='ocrx_word' id='word_1_121' title='bbox 848 504 945 535; x_wconf 80' lang='lat' dir='ltr'>diebus</span> <span class='ocrx_word' id='word_1_122' title='bbox 959 511 986 534; x_wconf 91' lang='lat' dir='ltr'>et</span> <span class='ocrx_word' id='word_1_123' title='bbox 1003 506 1022 530; x_wconf 86' lang='lat' dir='ltr'>C</span> <span class='ocrx_word' id='word_1_124' title='bbox 1043 503 1190 544; x_wconf 84' lang='grc' dir='ltr'>διδρᾶχμου</span> <span class='ocrx_word' id='word_1_125' title='bbox 1204 504 1315 534; x_wconf 83' lang='grc' dir='ltr'>ἕκαστον</span> <span class='ocrx_word' id='word_1_126' title='bbox 1329 505 1444 541; x_wconf 84' lang='grc' dir='ltr'>διδόναι,</span> <span class='ocrx_word' id='word_1_127' title='bbox 1458 504 1604 541; x_wconf 80' lang='grc' dir='ltr'><strong>τουτέστιν,</strong></span> <span class='ocrx_word' id='word_1_128' title='bbox 1619 504 1727 538; x_wconf 73' lang='grc' dir='ltr'>ὀὸολοὺς</span> <span class='ocrx_word' id='word_1_129' title='bbox 1738 504 1813 534; x_wconf 85' lang='grc' dir='ltr'>δέκα.</span> 
     </span>
    </p>
   </div>
   <div class='ocr_carea' id='block_1_12' title="bbox 242 550 996 1978">
    <p class='ocr_par' dir='ltr' id='par_1_12' title="bbox 242 550 996 1978">
     <span class='ocr_line' id='line_1_27' title="bbox 243 550 986 592; baseline 0.004 -14"><span class='ocrx_word' id='word_1_130' title='bbox 243 550 420 589; x_wconf 81' lang='lat' dir='ltr'>quadraginta</span> <span class='ocrx_word' id='word_1_131' title='bbox 434 550 568 581; x_wconf 82' lang='lat' dir='ltr'>noctibus.</span> <span class='ocrx_word' id='word_1_132' title='bbox 584 551 699 582; x_wconf 77' lang='lat' dir='ltr'>Audivit</span> <span class='ocrx_word' id='word_1_133' title='bbox 717 559 807 582; x_wconf 82' lang='lat' dir='ltr'>autem</span> <span class='ocrx_word' id='word_1_134' title='bbox 826 551 986 592; x_wconf 82' lang='lat' dir='ltr'>dispositio-</span> 
     </span>
     <span class='ocr_line' id='line_1_28' title="bbox 243 596 986 638; baseline 0.005 -14"><span class='ocrx_word' id='word_1_135' title='bbox 243 606 303 625; x_wconf 85' lang='lat' dir='ltr'>nem</span> <span class='ocrx_word' id='word_1_136' title='bbox 318 596 494 634; x_wconf 80' lang='lat' dir='ltr'>tabernaculi,</span> <span class='ocrx_word' id='word_1_137' title='bbox 506 604 531 627; x_wconf 89' lang='lat' dir='ltr'>et</span> <span class='ocrx_word' id='word_1_138' title='bbox 551 608 646 628; x_wconf 88' lang='lat' dir='ltr'>eorum</span> <span class='ocrx_word' id='word_1_139' title='bbox 662 609 723 637; x_wconf 80' lang='lat' dir='ltr'>quae</span> <span class='ocrx_word' id='word_1_140' title='bbox 743 598 771 628; x_wconf 90' lang='lat' dir='ltr'>in</span> <span class='ocrx_word' id='word_1_141' title='bbox 789 598 849 638; x_wconf 86' lang='lat' dir='ltr'>ipso</span> <span class='ocrx_word' id='word_1_142' title='bbox 868 598 986 628; x_wconf 85' lang='lat' dir='ltr'>contine-</span> 
     </span>
     <span class='ocr_line' id='line_1_29' title="bbox 243 643 988 682; baseline 0.004 -11"><span class='ocrx_word' id='word_1_143' title='bbox 243 643 353 680; x_wconf 86' lang='lat' dir='ltr'>bantur,</span> <span class='ocrx_word' id='word_1_144' title='bbox 364 649 391 672; x_wconf 92' lang='lat' dir='ltr'>et</span> <span class='ocrx_word' id='word_1_145' title='bbox 403 643 576 674; x_wconf 87' lang='lat' dir='ltr'>sacerdotalis</span> <span class='ocrx_word' id='word_1_146' title='bbox 589 645 714 682; x_wconf 77' lang='lat' dir='ltr'>amictus,</span> <span class='ocrx_word' id='word_1_147' title='bbox 722 652 748 675; x_wconf 85' lang='lat' dir='ltr'>et</span> <span class='ocrx_word' id='word_1_148' title='bbox 761 645 894 674; x_wconf 88' lang='lat' dir='ltr'>unctionis</span> <span class='ocrx_word' id='word_1_149' title='bbox 905 655 988 674; x_wconf 72' lang='lat' dir='ltr'>sacen-</span> 
     </span>
     <span class='ocr_line' id='line_1_30' title="bbox 243 688 987 731; baseline 0.004 -13"><span class='ocrx_word' id='word_1_150' title='bbox 243 688 352 726; x_wconf 84' lang='lat' dir='ltr'>dotum‚</span> <span class='ocrx_word' id='word_1_151' title='bbox 362 697 388 719; x_wconf 87' lang='lat' dir='ltr'>et</span> <span class='ocrx_word' id='word_1_152' title='bbox 397 689 604 721; x_wconf 82' lang='lat' dir='ltr'>redemtionum.</span> <span class='ocrx_word' id='word_1_153' title='bbox 617 692 678 722; x_wconf 79' lang='lat' dir='ltr'>Haee</span> <span class='ocrx_word' id='word_1_154' title='bbox 686 702 752 722; x_wconf 86' lang='lat' dir='ltr'>vero</span> <span class='ocrx_word' id='word_1_155' title='bbox 761 698 836 721; x_wconf 89' lang='lat' dir='ltr'>erant</span> <span class='ocrx_word' id='word_1_156' title='bbox 846 699 876 721; x_wconf 90' lang='lat' dir='ltr'>ut</span> <span class='ocrx_word' id='word_1_157' title='bbox 886 692 987 731; x_wconf 83' lang='lat' dir='ltr'>singuli</span> 
     </span>
     <span class='ocr_line' id='line_1_31' title="bbox 242 734 988 778; baseline 0.005 -14"><span class='ocrx_word' id='word_1_158' title='bbox 242 734 383 765; x_wconf 87' lang='lat' dir='ltr'>dimidiam</span> <span class='ocrx_word' id='word_1_159' title='bbox 397 735 549 767; x_wconf 84' lang='lat' dir='ltr'>didrachmi</span> <span class='ocrx_word' id='word_1_160' title='bbox 561 744 664 778; x_wconf 83' lang='lat' dir='ltr'>partem</span> <span class='ocrx_word' id='word_1_161' title='bbox 674 738 779 774; x_wconf 88' lang='lat' dir='ltr'>darent,</span> <span class='ocrx_word' id='word_1_162' title='bbox 792 738 822 768; x_wconf 88' lang='lat' dir='ltr'>id</span> <span class='ocrx_word' id='word_1_163' title='bbox 832 745 882 774; x_wconf 88' lang='lat' dir='ltr'>est,</span> <span class='ocrx_word' id='word_1_164' title='bbox 893 738 988 768; x_wconf 84' lang='lat' dir='ltr'>obolos</span> 
     </span>
     <span class='ocr_line' id='line_1_32' title="bbox 243 781 989 825; baseline 0.005 -15"><span class='ocrx_word' id='word_1_165' title='bbox 243 781 346 811; x_wconf 88' lang='lat' dir='ltr'>decem.</span> <span class='ocrx_word' id='word_1_166' title='bbox 370 782 407 812; x_wconf 89' lang='lat' dir='ltr'>Et</span> <span class='ocrx_word' id='word_1_167' title='bbox 419 781 455 812; x_wconf 89' lang='lat' dir='ltr'>de</span> <span class='ocrx_word' id='word_1_168' title='bbox 475 783 666 823; x_wconf 77' lang='lat' dir='ltr'>compositione</span> <span class='ocrx_word' id='word_1_169' title='bbox 686 784 739 814; x_wconf 88' lang='lat' dir='ltr'>olei</span> <span class='ocrx_word' id='word_1_170' title='bbox 757 784 889 825; x_wconf 66' lang='lat' dir='ltr'>praecipit,</span> <span class='ocrx_word' id='word_1_171' title='bbox 908 791 935 814; x_wconf 88' lang='lat' dir='ltr'>et</span> <span class='ocrx_word' id='word_1_172' title='bbox 953 783 989 814; x_wconf 90' lang='lat' dir='ltr'>de</span> 
     </span>
     <span class='ocr_line' id='line_1_33' title="bbox 244 827 990 861; baseline 0.005 -4"><span class='ocrx_word' id='word_1_173' title='bbox 244 827 430 858; x_wconf 80' lang='lat' dir='ltr'>observatione</span> <span class='ocrx_word' id='word_1_174' title='bbox 441 828 556 859; x_wconf 81' lang='lat' dir='ltr'>sabbati.</span> <span class='ocrx_word' id='word_1_175' title='bbox 573 831 747 861; x_wconf 84' lang='lat' dir='ltr'>Conveniunt</span> <span class='ocrx_word' id='word_1_176' title='bbox 756 832 884 861; x_wconf 66' lang='lat' dir='ltr'>Israelitae</span> <span class='ocrx_word' id='word_1_177' title='bbox 897 838 990 861; x_wconf 83' lang='lat' dir='ltr'>contra</span> 
     </span>
     <span class='ocr_line' id='line_1_34' title="bbox 245 875 990 908; baseline 0.007 -5"><span class='ocrx_word' id='word_1_178' title='bbox 245 875 378 904; x_wconf 82' lang='lat' dir='ltr'>Aaronem</span> <span class='ocrx_word' id='word_1_179' title='bbox 397 881 423 904; x_wconf 90' lang='lat' dir='ltr'>et</span> <span class='ocrx_word' id='word_1_180' title='bbox 446 875 475 904; x_wconf 91' lang='lat' dir='ltr'>in</span> <span class='ocrx_word' id='word_1_181' title='bbox 488 875 671 906; x_wconf 81' lang='lat' dir='ltr'>idololatriam</span> <span class='ocrx_word' id='word_1_182' title='bbox 694 877 827 907; x_wconf 87' lang='lat' dir='ltr'>incidunt.</span> <span class='ocrx_word' id='word_1_183' title='bbox 847 878 925 908; x_wconf 91' lang='lat' dir='ltr'>Tunc</span> <span class='ocrx_word' id='word_1_184' title='bbox 951 879 990 908; x_wconf 92' lang='lat' dir='ltr'>ait</span> 
     </span>
     <span class='ocr_line' id='line_1_35' title="bbox 245 921 990 966; baseline 0.005 -16"><span class='ocrx_word' id='word_1_185' title='bbox 245 922 320 950; x_wconf 91' lang='lat' dir='ltr'>Deus</span> <span class='ocrx_word' id='word_1_186' title='bbox 330 921 420 962; x_wconf 82' lang='lat' dir='ltr'>Moysi</span> <span class='ocrx_word' id='word_1_187' title='bbox 435 933 441 950; x_wconf 76' lang='grc' dir='ltr'><strong>ε</strong></span> <span class='ocrx_word' id='word_1_188' title='bbox 455 922 523 951; x_wconf 83' lang='lat' dir='ltr'>Sine</span> <span class='ocrx_word' id='word_1_189' title='bbox 537 933 593 959; x_wconf 85' lang='lat' dir='ltr'>me,</span> <span class='ocrx_word' id='word_1_190' title='bbox 606 929 634 952; x_wconf 88' lang='lat' dir='ltr'>et</span> <span class='ocrx_word' id='word_1_191' title='bbox 647 924 748 954; x_wconf 84' lang='lat' dir='ltr'>delebo</span> <span class='ocrx_word' id='word_1_192' title='bbox 761 934 822 960; x_wconf 86' lang='lat' dir='ltr'>eos,</span> <span class='ocrx_word' id='word_1_193' title='bbox 835 925 990 966; x_wconf 82' lang='lat' dir='ltr'>etfaciam</span> 
     </span>
     <span class='ocr_line' id='line_1_36' title="bbox 246 968 991 1009; baseline 0.008 -14"><span class='ocrx_word' id='word_1_194' title='bbox 246 973 274 996; x_wconf 86' lang='lat' dir='ltr'>te</span> <span class='ocrx_word' id='word_1_195' title='bbox 296 968 328 996; x_wconf 84' lang='lat' dir='ltr'>in</span> <span class='ocrx_word' id='word_1_196' title='bbox 348 974 462 1008; x_wconf 82' lang='lat' dir='ltr'>gentem</span> <span class='ocrx_word' id='word_1_197' title='bbox 484 979 633 1009; x_wconf 80' lang='lat' dir='ltr'>magnam.</span> <span class='ocrx_word' id='word_1_198' title='bbox 656 970 696 1000; x_wconf 90' lang='lat' dir='ltr'>Ut</span> <span class='ocrx_word' id='word_1_199' title='bbox 715 977 806 999; x_wconf 87' lang='lat' dir='ltr'>autem</span> <span class='ocrx_word' id='word_1_200' title='bbox 828 970 991 1001; x_wconf 68' lang='lat' dir='ltr'>descendens</span> 
     </span>
     <span class='ocr_line' id='line_1_37' title="bbox 245 1013 990 1058; baseline 0.005 -14"><span class='ocrx_word' id='word_1_201' title='bbox 245 1015 355 1054; x_wconf 75' lang='lat' dir='ltr'>Moyses</span> <span class='ocrx_word' id='word_1_202' title='bbox 368 1013 438 1044; x_wconf 84' lang='lat' dir='ltr'>vidit</span> <span class='ocrx_word' id='word_1_203' title='bbox 450 1014 570 1044; x_wconf 88' lang='lat' dir='ltr'>vitulum</span> <span class='ocrx_word' id='word_1_204' title='bbox 584 1022 609 1044; x_wconf 90' lang='lat' dir='ltr'>et</span> <span class='ocrx_word' id='word_1_205' title='bbox 621 1016 754 1056; x_wconf 89' lang='lat' dir='ltr'>populum</span> <span class='ocrx_word' id='word_1_206' title='bbox 765 1016 914 1055; x_wconf 87' lang='lat' dir='ltr'>ludentem,</span> <span class='ocrx_word' id='word_1_207' title='bbox 924 1029 990 1058; x_wconf 90' lang='lat' dir='ltr'>pro-</span> 
     </span>
     <span class='ocr_line' id='line_1_38' title="bbox 244 1060 991 1102; baseline 0.008 -14"><span class='ocrx_word' id='word_1_208' title='bbox 244 1060 309 1100; x_wconf 79' lang='lat' dir='ltr'>jecit</span> <span class='ocrx_word' id='word_1_209' title='bbox 330 1067 356 1089; x_wconf 88' lang='lat' dir='ltr'>et</span> <span class='ocrx_word' id='word_1_210' title='bbox 377 1060 506 1090; x_wconf 88' lang='lat' dir='ltr'>contrivit</span> <span class='ocrx_word' id='word_1_211' title='bbox 524 1061 647 1096; x_wconf 84' lang='lat' dir='ltr'>tabulas,</span> <span class='ocrx_word' id='word_1_212' title='bbox 670 1062 819 1102; x_wconf 87' lang='lat' dir='ltr'>increpavit</span> <span class='ocrx_word' id='word_1_213' title='bbox 839 1063 973 1093; x_wconf 80' lang='lat' dir='ltr'>Aaronem</span> <span class='ocrx_word' id='word_1_214' title='bbox 982 1086 991 1099; x_wconf 92' lang='lat'>,</span> 
     </span>
     <span class='ocr_line' id='line_1_39' title="bbox 247 1107 991 1152; baseline 0.008 -17"><span class='ocrx_word' id='word_1_215' title='bbox 247 1107 374 1147; x_wconf 82' lang='lat' dir='ltr'>praecepit</span> <span class='ocrx_word' id='word_1_216' title='bbox 395 1107 460 1136; x_wconf 83' lang='lat' dir='ltr'>filiis</span> <span class='ocrx_word' id='word_1_217' title='bbox 480 1108 546 1138; x_wconf 84' lang='lat' dir='ltr'>Levi</span> <span class='ocrx_word' id='word_1_218' title='bbox 575 1109 760 1139; x_wconf 69' lang='lat' dir='ltr'>venientibus:</span> <span class='ocrx_word' id='word_1_219' title='bbox 777 1109 869 1140; x_wconf 82' lang='lat' dir='ltr'>dixit:</span> <span class='ocrx_word' id='word_1_220' title='bbox 884 1111 917 1141; x_wconf 84' lang='lat' dir='ltr'>Si</span> <span class='ocrx_word' id='word_1_221' title='bbox 925 1112 991 1152; x_wconf 82' lang='lat' dir='ltr'>quis</span> 
     </span>
     <span class='ocr_line' id='line_1_40' title="bbox 248 1154 992 1192; baseline 0.011 -10"><span class='ocrx_word' id='word_1_222' title='bbox 248 1154 290 1182; x_wconf 89' lang='lat' dir='ltr'>ad</span> <span class='ocrx_word' id='word_1_223' title='bbox 302 1155 475 1190; x_wconf 78' lang='lat' dir='ltr'>Dominum,</span> <span class='ocrx_word' id='word_1_224' title='bbox 485 1156 588 1184; x_wconf 85' lang='lat' dir='ltr'>veniat</span> <span class='ocrx_word' id='word_1_225' title='bbox 600 1156 640 1184; x_wconf 84' lang='lat' dir='ltr'>ad</span> <span class='ocrx_word' id='word_1_226' title='bbox 651 1166 706 1192; x_wconf 85' lang='lat' dir='ltr'>me,</span> <span class='ocrx_word' id='word_1_227' title='bbox 720 1163 752 1186; x_wconf 83' lang='lat' dir='ltr'>ut</span> <span class='ocrx_word' id='word_1_228' title='bbox 766 1159 881 1188; x_wconf 78' lang='lat' dir='ltr'>occidat</span> <span class='ocrx_word' id='word_1_229' title='bbox 899 1170 992 1190; x_wconf 84' lang='lat' dir='ltr'>unus-</span> 
     </span>
     <span class='ocr_line' id='line_1_41' title="bbox 248 1200 992 1241; baseline 0.012 -14"><span class='ocrx_word' id='word_1_230' title='bbox 248 1200 370 1239; x_wconf 82' lang='lat' dir='ltr'>quisque</span> <span class='ocrx_word' id='word_1_231' title='bbox 378 1200 512 1239; x_wconf 81' lang='lat' dir='ltr'>sratrem</span> <span class='ocrx_word' id='word_1_232' title='bbox 525 1210 609 1230; x_wconf 80' lang='lat' dir='ltr'>suum</span> <span class='ocrx_word' id='word_1_233' title='bbox 620 1208 648 1231; x_wconf 85' lang='lat' dir='ltr'>et</span> <span class='ocrx_word' id='word_1_234' title='bbox 668 1205 834 1241; x_wconf 77' lang='lat' dir='ltr'>proximum</span> <span class='ocrx_word' id='word_1_235' title='bbox 847 1215 932 1234; x_wconf 83' lang='lat' dir='ltr'>suum</span> <span class='ocrx_word' id='word_1_236' title='bbox 944 1220 953 1237; x_wconf 89' lang='lat'>.·</span> <span class='ocrx_word' id='word_1_237' title='bbox 964 1214 992 1236; x_wconf 85' lang='lat' dir='ltr'>et</span> 
     </span>
     <span class='ocr_line' id='line_1_42' title="bbox 249 1246 993 1293; baseline 0.012 -20"><span class='ocrx_word' id='word_1_238' title='bbox 249 1246 416 1275; x_wconf 76' lang='lat' dir='ltr'>ceciderunt</span> <span class='ocrx_word' id='word_1_239' title='bbox 427 1252 483 1276; x_wconf 86' lang='lat' dir='ltr'>tres</span> <span class='ocrx_word' id='word_1_240' title='bbox 495 1247 577 1276; x_wconf 85' lang='lat' dir='ltr'>mille</span> <span class='ocrx_word' id='word_1_241' title='bbox 586 1247 655 1277; x_wconf 78' lang='lat' dir='ltr'>viri.</span> <span class='ocrx_word' id='word_1_242' title='bbox 667 1248 745 1278; x_wconf 89' lang='lat' dir='ltr'>Tunc</span> <span class='ocrx_word' id='word_1_243' title='bbox 761 1250 906 1281; x_wconf 85' lang='lat' dir='ltr'>ascendens</span> <span class='ocrx_word' id='word_1_244' title='bbox 915 1254 993 1293; x_wconf 87' lang='lat' dir='ltr'>Moy-</span> 
     </span>
     <span class='ocr_line' id='line_1_43' title="bbox 249 1290 991 1336; baseline 0.011 -16"><span class='ocrx_word' id='word_1_245' title='bbox 249 1301 291 1320; x_wconf 92' lang='lat' dir='ltr'>ses</span> <span class='ocrx_word' id='word_1_246' title='bbox 299 1290 369 1321; x_wconf 86' lang='lat' dir='ltr'>dixit</span> <span class='ocrx_word' id='word_1_247' title='bbox 378 1292 451 1321; x_wconf 87' lang='lat' dir='ltr'>Deo:</span> <span class='ocrx_word' id='word_1_248' title='bbox 462 1292 493 1322; x_wconf 79' lang='lat' dir='ltr'>Si</span> <span class='ocrx_word' id='word_1_249' title='bbox 502 1293 620 1333; x_wconf 86' lang='lat' dir='ltr'>quidem</span> <span class='ocrx_word' id='word_1_250' title='bbox 631 1294 754 1324; x_wconf 82' lang='lat' dir='ltr'>dimittis</span> <span class='ocrx_word' id='word_1_251' title='bbox 765 1296 826 1326; x_wconf 75' lang='lat' dir='ltr'>illis</span> <span class='ocrx_word' id='word_1_252' title='bbox 831 1305 991 1336; x_wconf 83' lang='lat' dir='ltr'>peccatum,</span> 
     </span>
     <span class='ocr_line' id='line_1_44' title="bbox 250 1339 992 1386; baseline 0.011 -18"><span class='ocrx_word' id='word_1_253' title='bbox 250 1339 364 1369; x_wconf 82' lang='lat' dir='ltr'>dimitte</span> <span class='ocrx_word' id='word_1_254' title='bbox 370 1351 384 1377; x_wconf 87' lang='lat'><em>;</em></span> <span class='ocrx_word' id='word_1_255' title='bbox 394 1341 441 1370; x_wconf 79' lang='lat' dir='ltr'>sin</span> <span class='ocrx_word' id='word_1_256' title='bbox 461 1343 568 1379; x_wconf 81' lang='lat' dir='ltr'>minus,</span> <span class='ocrx_word' id='word_1_257' title='bbox 588 1342 655 1371; x_wconf 85' lang='lat' dir='ltr'>dele</span> <span class='ocrx_word' id='word_1_258' title='bbox 673 1353 719 1371; x_wconf 82' lang='lat' dir='ltr'>me</span> <span class='ocrx_word' id='word_1_259' title='bbox 739 1343 776 1372; x_wconf 86' lang='lat' dir='ltr'>de</span> <span class='ocrx_word' id='word_1_260' title='bbox 795 1344 882 1380; x_wconf 81' lang='lat' dir='ltr'>libro,</span> <span class='ocrx_word' id='word_1_261' title='bbox 905 1356 992 1386; x_wconf 81' lang='lat' dir='ltr'>quem</span> 
     </span>
     <span class='ocr_line' id='line_1_45' title="bbox 249 1386 992 1433; baseline 0.011 -19"><span class='ocrx_word' id='word_1_262' title='bbox 249 1387 396 1425; x_wconf 80' lang='lat' dir='ltr'>scripsisti.</span> <span class='ocrx_word' id='word_1_263' title='bbox 409 1386 487 1416; x_wconf 91' lang='lat' dir='ltr'>Tunc</span> <span class='ocrx_word' id='word_1_264' title='bbox 496 1387 571 1417; x_wconf 89' lang='lat' dir='ltr'>flevit</span> <span class='ocrx_word' id='word_1_265' title='bbox 584 1388 715 1428; x_wconf 87' lang='lat' dir='ltr'>populus,</span> <span class='ocrx_word' id='word_1_266' title='bbox 727 1396 753 1418; x_wconf 83' lang='lat' dir='ltr'>et</span> <span class='ocrx_word' id='word_1_267' title='bbox 761 1390 853 1429; x_wconf 84' lang='lat' dir='ltr'>jussus</span> <span class='ocrx_word' id='word_1_268' title='bbox 864 1398 904 1421; x_wconf 91' lang='lat' dir='ltr'>est</span> <span class='ocrx_word' id='word_1_269' title='bbox 913 1393 992 1433; x_wconf 86' lang='lat' dir='ltr'>depo-</span> 
     </span>
     <span class='ocr_line' id='line_1_46' title="bbox 248 1433 993 1478; baseline 0.011 -18"><span class='ocrx_word' id='word_1_270' title='bbox 248 1442 311 1461; x_wconf 86' lang='lat' dir='ltr'>nere</span> <span class='ocrx_word' id='word_1_271' title='bbox 323 1439 448 1462; x_wconf 90' lang='lat' dir='ltr'>ornatum</span> <span class='ocrx_word' id='word_1_272' title='bbox 461 1443 553 1463; x_wconf 87' lang='lat' dir='ltr'>suum.</span> <span class='ocrx_word' id='word_1_273' title='bbox 567 1434 619 1464; x_wconf 90' lang='lat' dir='ltr'>Hic</span> <span class='ocrx_word' id='word_1_274' title='bbox 633 1433 737 1464; x_wconf 89' lang='lat' dir='ltr'>dictum</span> <span class='ocrx_word' id='word_1_275' title='bbox 747 1435 800 1465; x_wconf 84' lang='lat' dir='ltr'>suit</span> <span class='ocrx_word' id='word_1_276' title='bbox 815 1448 823 1465; x_wconf 73' lang='grc' dir='ltr'>ε</span> <span class='ocrx_word' id='word_1_277' title='bbox 840 1438 880 1466; x_wconf 85' lang='lat' dir='ltr'>Et</span> <span class='ocrx_word' id='word_1_278' title='bbox 890 1438 993 1478; x_wconf 84' lang='lat' dir='ltr'>loquu-</span> 
     </span>
     <span class='ocr_line' id='line_1_47' title="bbox 249 1479 993 1523; baseline 0.009 -16"><span class='ocrx_word' id='word_1_279' title='bbox 249 1485 295 1508; x_wconf 83' lang='lat' dir='ltr'>tus</span> <span class='ocrx_word' id='word_1_280' title='bbox 309 1485 352 1508; x_wconf 84' lang='lat' dir='ltr'>est</span> <span class='ocrx_word' id='word_1_281' title='bbox 362 1479 507 1509; x_wconf 83' lang='lat' dir='ltr'>Dominus</span> <span class='ocrx_word' id='word_1_282' title='bbox 519 1480 561 1508; x_wconf 88' lang='lat' dir='ltr'>ad</span> <span class='ocrx_word' id='word_1_283' title='bbox 571 1481 718 1519; x_wconf 78' lang='lat' dir='ltr'>Moysem,</span> <span class='ocrx_word' id='word_1_284' title='bbox 727 1485 814 1522; x_wconf 84' lang='lat' dir='ltr'>quasi</span> <span class='ocrx_word' id='word_1_285' title='bbox 824 1486 851 1512; x_wconf 84' lang='lat' dir='ltr'>si</span> <span class='ocrx_word' id='word_1_286' title='bbox 863 1485 928 1523; x_wconf 65' lang='lat' dir='ltr'>quis</span> <span class='ocrx_word' id='word_1_287' title='bbox 942 1485 993 1514; x_wconf 90' lang='lat' dir='ltr'>lo—</span> 
     </span>
     <span class='ocr_line' id='line_1_48' title="bbox 248 1526 993 1565; baseline 0.009 -11"><span class='ocrx_word' id='word_1_288' title='bbox 248 1533 358 1565; x_wconf 86' lang='lat' dir='ltr'>quatur</span> <span class='ocrx_word' id='word_1_289' title='bbox 378 1526 419 1555; x_wconf 85' lang='lat' dir='ltr'>ad</span> <span class='ocrx_word' id='word_1_290' title='bbox 440 1530 566 1556; x_wconf 80' lang='lat' dir='ltr'>amicum</span> <span class='ocrx_word' id='word_1_291' title='bbox 587 1537 683 1557; x_wconf 84' lang='lat' dir='ltr'>suum.</span> <span class='ocrx_word' id='word_1_292' title='bbox 707 1529 787 1559; x_wconf 83' lang='lat' dir='ltr'>Jesus</span> <span class='ocrx_word' id='word_1_293' title='bbox 810 1537 899 1560; x_wconf 86' lang='lat' dir='ltr'>autem</span> <span class='ocrx_word' id='word_1_294' title='bbox 917 1532 993 1562; x_wconf 87' lang='lat' dir='ltr'>filius</span> 
     </span>
     <span class='ocr_line' id='line_1_49' title="bbox 247 1571 991 1611; baseline 0.009 -11"><span class='ocrx_word' id='word_1_295' title='bbox 247 1572 324 1601; x_wconf 87' lang='lat' dir='ltr'>Nave</span> <span class='ocrx_word' id='word_1_296' title='bbox 337 1582 391 1601; x_wconf 89' lang='lat' dir='ltr'>non</span> <span class='ocrx_word' id='word_1_297' title='bbox 404 1571 590 1611; x_wconf 82' lang='lat' dir='ltr'>egrediebatur</span> <span class='ocrx_word' id='word_1_298' title='bbox 607 1584 642 1603; x_wconf 81' lang='lat' dir='ltr'>ex</span> <span class='ocrx_word' id='word_1_299' title='bbox 657 1573 841 1605; x_wconf 88' lang='lat' dir='ltr'>tabernaculo.</span> <span class='ocrx_word' id='word_1_300' title='bbox 854 1577 933 1607; x_wconf 87' lang='lat' dir='ltr'>Tunc</span> <span class='ocrx_word' id='word_1_301' title='bbox 946 1588 991 1607; x_wconf 86' lang='lat' dir='ltr'>ro-</span> 
     </span>
     <span class='ocr_line' id='line_1_50' title="bbox 247 1618 991 1662; baseline 0.009 -17"><span class='ocrx_word' id='word_1_302' title='bbox 247 1623 293 1656; x_wconf 91' lang='lat' dir='ltr'>gat</span> <span class='ocrx_word' id='word_1_303' title='bbox 304 1618 413 1657; x_wconf 85' lang='lat' dir='ltr'>Moyses</span> <span class='ocrx_word' id='word_1_304' title='bbox 427 1619 526 1654; x_wconf 87' lang='lat' dir='ltr'>Deum,</span> <span class='ocrx_word' id='word_1_305' title='bbox 542 1624 572 1647; x_wconf 92' lang='lat' dir='ltr'>ut</span> <span class='ocrx_word' id='word_1_306' title='bbox 585 1629 637 1648; x_wconf 92' lang='lat' dir='ltr'>non</span> <span class='ocrx_word' id='word_1_307' title='bbox 658 1619 829 1659; x_wconf 88' lang='lat' dir='ltr'>derelinquat</span> <span class='ocrx_word' id='word_1_308' title='bbox 847 1623 991 1662; x_wconf 83' lang='lat' dir='ltr'>populum,</span> 
     </span>
     <span class='ocr_line' id='line_1_51' title="bbox 247 1662 991 1710; baseline 0.009 -18"><span class='ocrx_word' id='word_1_309' title='bbox 247 1670 274 1692; x_wconf 92' lang='lat' dir='ltr'>et</span> <span class='ocrx_word' id='word_1_310' title='bbox 298 1662 396 1692; x_wconf 83' lang='lat' dir='ltr'>dolatis</span> <span class='ocrx_word' id='word_1_311' title='bbox 419 1663 526 1693; x_wconf 83' lang='lat' dir='ltr'>duabus</span> <span class='ocrx_word' id='word_1_312' title='bbox 545 1664 663 1702; x_wconf 87' lang='lat' dir='ltr'>tabulis,</span> <span class='ocrx_word' id='word_1_313' title='bbox 690 1667 792 1706; x_wconf 88' lang='lat' dir='ltr'>accepit</span> <span class='ocrx_word' id='word_1_314' title='bbox 815 1667 974 1709; x_wconf 83' lang='lat' dir='ltr'>decalogum</span> <span class='ocrx_word' id='word_1_315' title='bbox 983 1694 991 1710; x_wconf 84' lang='lat'>‚</span> 
     </span>
     <span class='ocr_line' id='line_1_52' title="bbox 247 1710 994 1754; baseline 0.009 -16"><span class='ocrx_word' id='word_1_316' title='bbox 247 1710 388 1739; x_wconf 84' lang='lat' dir='ltr'>transactis</span> <span class='ocrx_word' id='word_1_317' title='bbox 401 1720 511 1740; x_wconf 89' lang='lat' dir='ltr'>rursum</span> <span class='ocrx_word' id='word_1_318' title='bbox 524 1711 699 1751; x_wconf 83' lang='lat' dir='ltr'>quadraginta</span> <span class='ocrx_word' id='word_1_319' title='bbox 720 1712 817 1743; x_wconf 89' lang='lat' dir='ltr'>diebus</span> <span class='ocrx_word' id='word_1_320' title='bbox 836 1721 863 1743; x_wconf 90' lang='lat' dir='ltr'>et</span> <span class='ocrx_word' id='word_1_321' title='bbox 875 1715 994 1754; x_wconf 86' lang='lat' dir='ltr'>quadra-</span> 
     </span>
     <span class='ocr_line' id='line_1_53' title="bbox 249 1754 995 1798; baseline 0.009 -16"><span class='ocrx_word' id='word_1_322' title='bbox 249 1754 322 1793; x_wconf 83' lang='lat' dir='ltr'>ginta</span> <span class='ocrx_word' id='word_1_323' title='bbox 334 1754 470 1784; x_wconf 86' lang='lat' dir='ltr'>noctibus.</span> <span class='ocrx_word' id='word_1_324' title='bbox 487 1755 646 1796; x_wconf 86' lang='lat' dir='ltr'>Praecipitur</span> <span class='ocrx_word' id='word_1_325' title='bbox 663 1763 752 1786; x_wconf 83' lang='lat' dir='ltr'>autem</span> <span class='ocrx_word' id='word_1_326' title='bbox 774 1757 827 1798; x_wconf 89' lang='lat' dir='ltr'>ipsi</span> <span class='ocrx_word' id='word_1_327' title='bbox 846 1758 944 1788; x_wconf 86' lang='lat' dir='ltr'>iterum</span> <span class='ocrx_word' id='word_1_328' title='bbox 961 1759 995 1789; x_wconf 89' lang='lat' dir='ltr'>de</span> 
     </span>
     <span class='ocr_line' id='line_1_54' title="bbox 249 1799 996 1844; baseline 0.009 -16"><span class='ocrx_word' id='word_1_329' title='bbox 249 1799 364 1840; x_wconf 83' lang='lat' dir='ltr'>pascha,</span> <span class='ocrx_word' id='word_1_330' title='bbox 386 1799 421 1830; x_wconf 88' lang='lat' dir='ltr'>de</span> <span class='ocrx_word' id='word_1_331' title='bbox 441 1801 569 1837; x_wconf 83' lang='lat' dir='ltr'>sabbato,</span> <span class='ocrx_word' id='word_1_332' title='bbox 589 1801 624 1831; x_wconf 89' lang='lat' dir='ltr'>de</span> <span class='ocrx_word' id='word_1_333' title='bbox 644 1803 855 1833; x_wconf 85' lang='lat' dir='ltr'>exterminandis</span> <span class='ocrx_word' id='word_1_334' title='bbox 875 1805 996 1844; x_wconf 84' lang='lat' dir='ltr'>gentium</span> 
     </span>
     <span class='ocr_line' id='line_1_55' title="bbox 249 1845 996 1891; baseline 0.008 -17"><span class='ocrx_word' id='word_1_335' title='bbox 249 1845 315 1883; x_wconf 89' lang='lat' dir='ltr'>diis,</span> <span class='ocrx_word' id='word_1_336' title='bbox 330 1845 364 1875; x_wconf 90' lang='lat' dir='ltr'>de</span> <span class='ocrx_word' id='word_1_337' title='bbox 378 1846 564 1886; x_wconf 83' lang='lat' dir='ltr'>primogenitis</span> <span class='ocrx_word' id='word_1_338' title='bbox 578 1847 630 1887; x_wconf 89' lang='lat' dir='ltr'>ipsi</span> <span class='ocrx_word' id='word_1_339' title='bbox 644 1848 851 1879; x_wconf 83' lang='lat' dir='ltr'>sanctificandis.</span> <span class='ocrx_word' id='word_1_340' title='bbox 866 1851 918 1880; x_wconf 91' lang='lat' dir='ltr'>Hic</span> <span class='ocrx_word' id='word_1_341' title='bbox 929 1850 996 1891; x_wconf 86' lang='lat' dir='ltr'>legi-</span> 
     </span>
     <span class='ocr_line' id='line_1_56' title="bbox 250 1894 994 1937; baseline 0.009 -15"><span class='ocrx_word' id='word_1_342' title='bbox 250 1899 313 1929; x_wconf 88' lang='lat' dir='ltr'>tur,</span> <span class='ocrx_word' id='word_1_343' title='bbox 332 1895 456 1934; x_wconf 83' lang='lat' dir='ltr'>Moysem</span> <span class='ocrx_word' id='word_1_344' title='bbox 475 1905 538 1924; x_wconf 90' lang='lat' dir='ltr'>cum</span> <span class='ocrx_word' id='word_1_345' title='bbox 556 1894 617 1924; x_wconf 87' lang='lat' dir='ltr'>velo</span> <span class='ocrx_word' id='word_1_346' title='bbox 638 1895 782 1934; x_wconf 91' lang='lat' dir='ltr'>loquutum</span> <span class='ocrx_word' id='word_1_347' title='bbox 802 1898 904 1937; x_wconf 92' lang='lat' dir='ltr'>populo</span> <span class='ocrx_word' id='word_1_348' title='bbox 924 1909 994 1930; x_wconf 84' lang='lat' dir='ltr'>esse;</span> 
     </span>
     <span class='ocr_line' id='line_1_57' title="bbox 250 1939 996 1978; baseline 0.008 -10"><span class='ocrx_word' id='word_1_349' title='bbox 250 1939 325 1978; x_wconf 87' lang='lat' dir='ltr'>quod</span> <span class='ocrx_word' id='word_1_350' title='bbox 338 1939 373 1968; x_wconf 89' lang='lat' dir='ltr'>ad</span> <span class='ocrx_word' id='word_1_351' title='bbox 382 1939 536 1970; x_wconf 85' lang='lat' dir='ltr'>Corinthios</span> <span class='ocrx_word' id='word_1_352' title='bbox 544 1940 661 1970; x_wconf 87' lang='lat' dir='ltr'>secunda</span> <span class='ocrx_word' id='word_1_353' title='bbox 674 1940 713 1970; x_wconf 79' lang='lat' dir='ltr'>ait</span> <span class='ocrx_word' id='word_1_354' title='bbox 725 1942 838 1972; x_wconf 89' lang='lat' dir='ltr'>Paulus.</span> <span class='ocrx_word' id='word_1_355' title='bbox 850 1945 928 1974; x_wconf 84' lang='lat' dir='ltr'>Tunc</span> <span class='ocrx_word' id='word_1_356' title='bbox 939 1944 996 1974; x_wconf 88' lang='lat' dir='ltr'>illis</span> 
     </span>
    </p>
   </div>
   <div class='ocr_carea' id='block_1_13' title="bbox 1039 549 1818 963">
    <p class='ocr_par' dir='ltr' id='par_1_13' title="bbox 1039 549 1818 963">
     <span class='ocr_line' id='line_1_58' title="bbox 1039 549 1816 592; baseline 0.003 -14"><span class='ocrx_word' id='word_1_357' title='bbox 1039 549 1097 579; x_wconf 72' lang='grc' dir='ltr'>Καὶ</span> <span class='ocrx_word' id='word_1_358' title='bbox 1118 550 1181 590; x_wconf 82' lang='grc' dir='ltr'>περὶ</span> <span class='ocrx_word' id='word_1_359' title='bbox 1204 552 1252 585; x_wconf 92' lang='grc' dir='ltr'>τῆς</span> <span class='ocrx_word' id='word_1_360' title='bbox 1275 551 1418 585; x_wconf 79' lang='grc' dir='ltr'>συνθέσεως</span> <span class='ocrx_word' id='word_1_361' title='bbox 1431 554 1478 581; x_wconf 85' lang='grc' dir='ltr'>τοῦ</span> <span class='ocrx_word' id='word_1_362' title='bbox 1496 550 1584 581; x_wconf 81' lang='grc' dir='ltr'>ἐλαίου</span> <span class='ocrx_word' id='word_1_363' title='bbox 1608 555 1747 592; x_wconf 87' lang='grc' dir='ltr'>παραινεῖ,</span> <span class='ocrx_word' id='word_1_364' title='bbox 1769 551 1816 580; x_wconf 81' lang='grc' dir='ltr'>καὶ</span> 
     </span>
     <span class='ocr_line' id='line_1_59' title="bbox 1043 596 1815 637; baseline 0.003 -12"><span class='ocrx_word' id='word_1_365' title='bbox 1043 596 1109 637; x_wconf 74' lang='grc' dir='ltr'>ὑπὲρ</span> <span class='ocrx_word' id='word_1_366' title='bbox 1123 599 1170 632; x_wconf 86' lang='grc' dir='ltr'>τῆς</span> <span class='ocrx_word' id='word_1_367' title='bbox 1184 597 1303 637; x_wconf 75' lang='grc' dir='ltr'>φυλακῆς</span> <span class='ocrx_word' id='word_1_368' title='bbox 1315 601 1362 627; x_wconf 83' lang='grc' dir='ltr'>τοῦ</span> <span class='ocrx_word' id='word_1_369' title='bbox 1376 597 1523 627; x_wconf 77' lang='grc' dir='ltr'>σαὸὅάτου.</span> <span class='ocrx_word' id='word_1_370' title='bbox 1539 597 1776 634; x_wconf 82' lang='grc' dir='ltr'>Ἔκκλησιάζουσιν</span> <span class='ocrx_word' id='word_1_371' title='bbox 1790 600 1815 628; x_wconf 82' lang='grc' dir='ltr'>οἱ</span> 
     </span>
     <span class='ocr_line' id='line_1_60' title="bbox 1044 643 1815 684; baseline 0.003 -12"><span class='ocrx_word' id='word_1_372' title='bbox 1044 644 1210 683; x_wconf 87' lang='grc' dir='ltr'>Ἰσραηλῖται</span> <span class='ocrx_word' id='word_1_373' title='bbox 1223 643 1293 673; x_wconf 85' lang='grc' dir='ltr'>κατὰ</span> <span class='ocrx_word' id='word_1_374' title='bbox 1309 643 1409 684; x_wconf 82' lang='grc' dir='ltr'>Ἀαρὼν</span> <span class='ocrx_word' id='word_1_375' title='bbox 1431 644 1477 674; x_wconf 76' lang='grc' dir='ltr'>καὶ</span> <span class='ocrx_word' id='word_1_376' title='bbox 1499 645 1727 684; x_wconf 79' lang='grc' dir='ltr'>εἰδωλολατροῦσι.</span> <span class='ocrx_word' id='word_1_377' title='bbox 1745 645 1815 674; x_wconf 85' lang='grc' dir='ltr'>Τότε</span> 
     </span>
     <span class='ocr_line' id='line_1_61' title="bbox 1044 689 1817 731; baseline 0.001 -12"><span class='ocrx_word' id='word_1_378' title='bbox 1044 689 1123 730; x_wconf 81' lang='grc' dir='ltr'>φησὶν</span> <span class='ocrx_word' id='word_1_379' title='bbox 1137 691 1151 719; x_wconf 85' lang='grc' dir='ltr'>ὁ</span> <span class='ocrx_word' id='word_1_380' title='bbox 1165 690 1233 724; x_wconf 82' lang='grc' dir='ltr'>Θεὸς</span> <span class='ocrx_word' id='word_1_381' title='bbox 1247 691 1285 730; x_wconf 81' lang='grc' dir='ltr'>τῷ</span> <span class='ocrx_word' id='word_1_382' title='bbox 1299 691 1402 730; x_wconf 51' lang='lat' dir='ltr'>Mustio}</span> <span class='ocrx_word' id='word_1_383' title='bbox 1412 702 1419 709; x_wconf 92' lang='lat'><strong>·</strong></span> <span class='ocrx_word' id='word_1_384' title='bbox 1432 689 1534 720; x_wconf 80' lang='grc' dir='ltr'>Ἔασόν</span> <span class='ocrx_word' id='word_1_385' title='bbox 1552 703 1600 730; x_wconf 84' lang='grc' dir='ltr'>με,</span> <span class='ocrx_word' id='word_1_386' title='bbox 1619 691 1664 721; x_wconf 79' lang='grc' dir='ltr'>καὶ</span> <span class='ocrx_word' id='word_1_387' title='bbox 1687 691 1817 731; x_wconf 79' lang='grc' dir='ltr'>ἐξαλείψω</span> 
     </span>
     <span class='ocr_line' id='line_1_62' title="bbox 1045 735 1816 776; baseline 0.003 -11"><span class='ocrx_word' id='word_1_388' title='bbox 1045 735 1154 773; x_wconf 80' lang='grc' dir='ltr'>αὖτοὺς,</span> <span class='ocrx_word' id='word_1_389' title='bbox 1168 736 1213 765; x_wconf 83' lang='grc' dir='ltr'>καὶ</span> <span class='ocrx_word' id='word_1_390' title='bbox 1227 736 1332 772; x_wconf 87' lang='grc' dir='ltr'>ποιήσω</span> <span class='ocrx_word' id='word_1_391' title='bbox 1346 748 1376 766; x_wconf 91' lang='grc' dir='ltr'>σε</span> <span class='ocrx_word' id='word_1_392' title='bbox 1390 738 1427 770; x_wconf 87' lang='grc' dir='ltr'>εἷς</span> <span class='ocrx_word' id='word_1_393' title='bbox 1440 737 1512 771; x_wconf 81' lang='grc' dir='ltr'>ἔθνος</span> <span class='ocrx_word' id='word_1_394' title='bbox 1525 737 1603 776; x_wconf 74' lang='grc' dir='ltr'>μέγα.</span> <span class='ocrx_word' id='word_1_395' title='bbox 1617 737 1664 771; x_wconf 86' lang='grc' dir='ltr'>Ὡς</span> <span class='ocrx_word' id='word_1_396' title='bbox 1678 737 1704 767; x_wconf 80' lang='grc' dir='ltr'>δὲ</span> <span class='ocrx_word' id='word_1_397' title='bbox 1719 738 1816 767; x_wconf 84' lang='grc' dir='ltr'>κατελ-</span> 
     </span>
     <span class='ocr_line' id='line_1_63' title="bbox 1045 777 1816 823; baseline 0.004 -13"><span class='ocrx_word' id='word_1_398' title='bbox 1045 780 1102 810; x_wconf 83' lang='grc' dir='ltr'>θὼν·</span> <span class='ocrx_word' id='word_1_399' title='bbox 1111 784 1125 811; x_wconf 85' lang='grc' dir='ltr'><strong>ὁ</strong></span> <span class='ocrx_word' id='word_1_400' title='bbox 1139 783 1256 818; x_wconf 85' lang='grc' dir='ltr'>Μωϋσῆς</span> <span class='ocrx_word' id='word_1_401' title='bbox 1270 777 1322 812; x_wconf 67' lang='grc' dir='ltr'>εἶδε</span> <span class='ocrx_word' id='word_1_402' title='bbox 1341 782 1385 812; x_wconf 81' lang='grc' dir='ltr'>τὸν</span> <span class='ocrx_word' id='word_1_403' title='bbox 1401 782 1501 823; x_wconf 83' lang='grc' dir='ltr'>μόσχον</span> <span class='ocrx_word' id='word_1_404' title='bbox 1515 783 1561 813; x_wconf 68' lang='grc' dir='ltr'>καὶ</span> <span class='ocrx_word' id='word_1_405' title='bbox 1574 782 1619 812; x_wconf 84' lang='grc' dir='ltr'>τὸν</span> <span class='ocrx_word' id='word_1_406' title='bbox 1631 783 1695 813; x_wconf 84' lang='grc' dir='ltr'>λαὸν</span> <span class='ocrx_word' id='word_1_407' title='bbox 1707 783 1816 818; x_wconf 80' lang='grc' dir='ltr'>παίζον-</span> 
     </span>
     <span class='ocr_line' id='line_1_64' title="bbox 1044 827 1817 870; baseline 0.004 -14"><span class='ocrx_word' id='word_1_408' title='bbox 1044 839 1106 863; x_wconf 87' lang='grc' dir='ltr'>τας,</span> <span class='ocrx_word' id='word_1_409' title='bbox 1126 827 1217 869; x_wconf 78' lang='grc' dir='ltr'>ἔρῤιψε</span> <span class='ocrx_word' id='word_1_410' title='bbox 1229 828 1277 862; x_wconf 75' lang='grc' dir='ltr'>τὰς</span> <span class='ocrx_word' id='word_1_411' title='bbox 1287 828 1407 864; x_wconf 80' lang='grc' dir='ltr'>πλάκας,</span> <span class='ocrx_word' id='word_1_412' title='bbox 1430 829 1475 859; x_wconf 83' lang='grc' dir='ltr'>καὶ</span> <span class='ocrx_word' id='word_1_413' title='bbox 1489 828 1652 870; x_wconf 82' lang='grc' dir='ltr'>συνέτριψεν,</span> <span class='ocrx_word' id='word_1_414' title='bbox 1672 829 1817 869; x_wconf 80' lang='grc' dir='ltr'>ἐπετίμησε</span> 
     </span>
     <span class='ocr_line' id='line_1_65' title="bbox 1044 871 1818 914; baseline 0.006 -12"><span class='ocrx_word' id='word_1_415' title='bbox 1044 875 1084 914; x_wconf 78' lang='grc' dir='ltr'>τῷ</span> <span class='ocrx_word' id='word_1_416' title='bbox 1098 873 1208 914; x_wconf 81' lang='grc' dir='ltr'>Ἀαρὼν,</span> <span class='ocrx_word' id='word_1_417' title='bbox 1222 874 1344 905; x_wconf 79' lang='grc' dir='ltr'>ἐκέλευσε</span> <span class='ocrx_word' id='word_1_418' title='bbox 1357 880 1412 909; x_wconf 82' lang='grc' dir='ltr'>τοῖς</span> <span class='ocrx_word' id='word_1_419' title='bbox 1425 876 1490 909; x_wconf 79' lang='grc' dir='ltr'>υἱοῖς</span> <span class='ocrx_word' id='word_1_420' title='bbox 1508 876 1574 905; x_wconf 83' lang='grc' dir='ltr'>Λευὶ</span> <span class='ocrx_word' id='word_1_421' title='bbox 1595 877 1714 906; x_wconf 74' lang='grc' dir='ltr'>ἐλθοῦσιν</span> <span class='ocrx_word' id='word_1_422' title='bbox 1723 889 1731 895; x_wconf 91' lang='grc'><em>·</em></span> <span class='ocrx_word' id='word_1_423' title='bbox 1745 871 1818 913; x_wconf 75' lang='grc' dir='ltr'>εἶπε,</span> 
     </span>
     <span class='ocr_line' id='line_1_66' title="bbox 1045 919 1818 963; baseline 0.006 -15"><span class='ocrx_word' id='word_1_424' title='bbox 1045 919 1100 949; x_wconf 77' lang='grc' dir='ltr'>Ἐἴ</span> <span class='ocrx_word' id='word_1_425' title='bbox 1117 931 1160 959; x_wconf 74' lang='grc' dir='ltr'>τις</span> <span class='ocrx_word' id='word_1_426' title='bbox 1176 920 1242 960; x_wconf 84' lang='grc' dir='ltr'>πρὸς</span> <span class='ocrx_word' id='word_1_427' title='bbox 1256 919 1362 961; x_wconf 77' lang='grc' dir='ltr'>Κύριον,</span> <span class='ocrx_word' id='word_1_428' title='bbox 1377 921 1426 950; x_wconf 85' lang='grc' dir='ltr'>ἴτω</span> <span class='ocrx_word' id='word_1_429' title='bbox 1438 921 1504 961; x_wconf 82' lang='grc' dir='ltr'>πρός</span> <span class='ocrx_word' id='word_1_430' title='bbox 1516 934 1563 960; x_wconf 84' lang='grc' dir='ltr'>με,</span> <span class='ocrx_word' id='word_1_431' title='bbox 1577 921 1684 963; x_wconf 78' lang='grc' dir='ltr'>σφάξειν</span> <span class='ocrx_word' id='word_1_432' title='bbox 1707 922 1818 953; x_wconf 76' lang='grc' dir='ltr'>ἕκαστον</span> 
     </span>
    </p>
   </div>
   <div class='ocr_carea' id='block_1_14' title="bbox 1007 965 1818 1006">
    <p class='ocr_par' dir='ltr' id='par_1_14' title="bbox 1007 965 1818 1006">
     <span class='ocr_line' id='line_1_67' title="bbox 1007 965 1818 1006; baseline 0.005 -12"><span class='ocrx_word' id='word_1_433' title='bbox 1007 965 1026 988; x_wconf 84' lang='lat' dir='ltr'>D</span> <span class='ocrx_word' id='word_1_434' title='bbox 1046 965 1090 995; x_wconf 82' lang='grc' dir='ltr'>τὸν</span> <span class='ocrx_word' id='word_1_435' title='bbox 1104 966 1215 1006; x_wconf 81' lang='grc' dir='ltr'>ἀδελφὸν</span> <span class='ocrx_word' id='word_1_436' title='bbox 1227 968 1305 996; x_wconf 75' lang='grc' dir='ltr'>αὐτοῦ</span> <span class='ocrx_word' id='word_1_437' title='bbox 1317 967 1363 996; x_wconf 85' lang='grc' dir='ltr'>καὶ</span> <span class='ocrx_word' id='word_1_438' title='bbox 1373 967 1418 996; x_wconf 84' lang='grc' dir='ltr'>τὸν</span> <span class='ocrx_word' id='word_1_439' title='bbox 1432 968 1545 1004; x_wconf 84' lang='grc' dir='ltr'>πλησίον</span> <span class='ocrx_word' id='word_1_440' title='bbox 1556 969 1645 998; x_wconf 83' lang='grc' dir='ltr'>αὐτοῦ.</span> <span class='ocrx_word' id='word_1_441' title='bbox 1660 969 1715 998; x_wconf 80' lang='grc' dir='ltr'>Καὶ</span> <span class='ocrx_word' id='word_1_442' title='bbox 1725 968 1818 998; x_wconf 82' lang='grc' dir='ltr'>ἔπεσον</span> 
     </span>
    </p>
   </div>
   <div class='ocr_carea' id='block_1_15' title="bbox 1045 1010 1822 1469">
    <p class='ocr_par' dir='ltr' id='par_1_15' title="bbox 1045 1010 1822 1469">
     <span class='ocr_line' id='line_1_68' title="bbox 1045 1010 1819 1055; baseline 0.009 -17"><span class='ocrx_word' id='word_1_443' title='bbox 1045 1010 1188 1050; x_wconf 84' lang='grc' dir='ltr'>τρισχίλιοι</span> <span class='ocrx_word' id='word_1_444' title='bbox 1200 1011 1301 1051; x_wconf 85' lang='grc' dir='ltr'>ἄνδρες.</span> <span class='ocrx_word' id='word_1_445' title='bbox 1317 1012 1387 1042; x_wconf 87' lang='grc' dir='ltr'>Τότε</span> <span class='ocrx_word' id='word_1_446' title='bbox 1400 1012 1427 1043; x_wconf 80' lang='grc' dir='ltr'>δὲ</span> <span class='ocrx_word' id='word_1_447' title='bbox 1438 1013 1553 1043; x_wconf 79' lang='grc' dir='ltr'>ἀνελθὼν</span> <span class='ocrx_word' id='word_1_448' title='bbox 1566 1015 1684 1050; x_wconf 84' lang='grc' dir='ltr'>Μωῦσῆς</span> <span class='ocrx_word' id='word_1_449' title='bbox 1695 1014 1768 1054; x_wconf 79' lang='grc' dir='ltr'>λέγει</span> <span class='ocrx_word' id='word_1_450' title='bbox 1780 1017 1819 1055; x_wconf 82' lang='grc' dir='ltr'>τῷ</span> 
     </span>
     <span class='ocr_line' id='line_1_69' title="bbox 1046 1055 1820 1101; baseline 0.006 -16"><span class='ocrx_word' id='word_1_451' title='bbox 1046 1057 1110 1096; x_wconf 81' lang='grc' dir='ltr'>Θεῷ</span> <span class='ocrx_word' id='word_1_452' title='bbox 1120 1067 1126 1074; x_wconf 90' lang='grc'><em>·</em></span> <span class='ocrx_word' id='word_1_453' title='bbox 1141 1057 1175 1086; x_wconf 83' lang='grc' dir='ltr'>Εἰ</span> <span class='ocrx_word' id='word_1_454' title='bbox 1189 1056 1237 1096; x_wconf 81' lang='grc' dir='ltr'>μὲν</span> <span class='ocrx_word' id='word_1_455' title='bbox 1250 1055 1355 1097; x_wconf 70' lang='grc' dir='ltr'>ι’σίφιεῖις</span> <span class='ocrx_word' id='word_1_456' title='bbox 1367 1060 1455 1093; x_wconf 80' lang='grc' dir='ltr'>αὐτοῖς</span> <span class='ocrx_word' id='word_1_457' title='bbox 1473 1059 1521 1096; x_wconf 70' lang='grc' dir='ltr'>τὴν</span> <span class='ocrx_word' id='word_1_458' title='bbox 1542 1061 1683 1100; x_wconf 80' lang='grc' dir='ltr'>ἁμαρτίαν,</span> <span class='ocrx_word' id='word_1_459' title='bbox 1701 1060 1779 1101; x_wconf 86' lang='grc' dir='ltr'>ἄφες·</span> <span class='ocrx_word' id='word_1_460' title='bbox 1795 1062 1820 1090; x_wconf 82' lang='grc' dir='ltr'>εἰ</span> 
     </span>
     <span class='ocr_line' id='line_1_70' title="bbox 1048 1101 1819 1147; baseline 0.005 -16"><span class='ocrx_word' id='word_1_461' title='bbox 1048 1101 1076 1131; x_wconf 81' lang='grc' dir='ltr'>δὲ</span> <span class='ocrx_word' id='word_1_462' title='bbox 1098 1101 1152 1142; x_wconf 80' lang='grc' dir='ltr'>μὴ,</span> <span class='ocrx_word' id='word_1_463' title='bbox 1177 1102 1312 1144; x_wconf 76' lang='grc' dir='ltr'>ἐξάλειψόν</span> <span class='ocrx_word' id='word_1_464' title='bbox 1334 1116 1368 1143; x_wconf 82' lang='grc' dir='ltr'>με</span> <span class='ocrx_word' id='word_1_465' title='bbox 1390 1105 1421 1134; x_wconf 79' lang='grc' dir='ltr'>ἐκ</span> <span class='ocrx_word' id='word_1_466' title='bbox 1443 1107 1491 1141; x_wconf 79' lang='grc' dir='ltr'>τῆς</span> <span class='ocrx_word' id='word_1_467' title='bbox 1511 1105 1619 1145; x_wconf 74' lang='grc' dir='ltr'>βίὸλου,</span> <span class='ocrx_word' id='word_1_468' title='bbox 1640 1102 1672 1142; x_wconf 65' lang='grc' dir='ltr'>ἧς</span> <span class='ocrx_word' id='word_1_469' title='bbox 1694 1107 1819 1147; x_wconf 78' lang='grc' dir='ltr'>ἔγραψας.</span> 
     </span>
     <span class='ocr_line' id='line_1_71' title="bbox 1048 1147 1820 1192; baseline 0.008 -15"><span class='ocrx_word' id='word_1_470' title='bbox 1048 1147 1118 1178; x_wconf 83' lang='grc' dir='ltr'>Τότε</span> <span class='ocrx_word' id='word_1_471' title='bbox 1141 1148 1282 1184; x_wconf 83' lang='grc' dir='ltr'>ἐπένθησεν</span> <span class='ocrx_word' id='word_1_472' title='bbox 1295 1151 1310 1179; x_wconf 84' lang='grc' dir='ltr'>ὁ</span> <span class='ocrx_word' id='word_1_473' title='bbox 1323 1150 1386 1184; x_wconf 82' lang='grc' dir='ltr'>λαὸς</span> <span class='ocrx_word' id='word_1_474' title='bbox 1395 1172 1404 1187; x_wconf 88' lang='grc'>,</span> <span class='ocrx_word' id='word_1_475' title='bbox 1417 1151 1462 1180; x_wconf 85' lang='grc' dir='ltr'>καὶ</span> <span class='ocrx_word' id='word_1_476' title='bbox 1477 1151 1617 1189; x_wconf 79' lang='grc' dir='ltr'>ἐκελεύσθη</span> <span class='ocrx_word' id='word_1_477' title='bbox 1632 1154 1762 1192; x_wconf 81' lang='grc' dir='ltr'>περιελεῖν</span> <span class='ocrx_word' id='word_1_478' title='bbox 1775 1153 1820 1183; x_wconf 82' lang='grc' dir='ltr'>τὸν</span> 
     </span>
     <span class='ocr_line' id='line_1_72' title="bbox 1048 1194 1820 1238; baseline 0.008 -15"><span class='ocrx_word' id='word_1_479' title='bbox 1048 1194 1148 1233; x_wconf 84' lang='grc' dir='ltr'>κόσμον</span> <span class='ocrx_word' id='word_1_480' title='bbox 1169 1196 1260 1224; x_wconf 83' lang='grc' dir='ltr'>αὖτοῦ.</span> <span class='ocrx_word' id='word_1_481' title='bbox 1274 1195 1406 1226; x_wconf 80' lang='grc' dir='ltr'>Ἐνταῦθα</span> <span class='ocrx_word' id='word_1_482' title='bbox 1419 1196 1538 1238; x_wconf 83' lang='grc' dir='ltr'>εἴρηται·</span> <span class='ocrx_word' id='word_1_483' title='bbox 1561 1198 1615 1228; x_wconf 79' lang='grc' dir='ltr'>Καὶ</span> <span class='ocrx_word' id='word_1_484' title='bbox 1636 1199 1751 1235; x_wconf 82' lang='grc' dir='ltr'>ἐλάλησε</span> <span class='ocrx_word' id='word_1_485' title='bbox 1765 1199 1820 1229; x_wconf 85' lang='grc' dir='ltr'>Κύ-</span> 
     </span>
     <span class='ocr_line' id='line_1_73' title="bbox 1051 1240 1820 1286; baseline 0.008 -17"><span class='ocrx_word' id='word_1_486' title='bbox 1051 1251 1104 1279; x_wconf 85' lang='grc' dir='ltr'>ριος</span> <span class='ocrx_word' id='word_1_487' title='bbox 1115 1240 1180 1280; x_wconf 85' lang='grc' dir='ltr'>πρὸς</span> <span class='ocrx_word' id='word_1_488' title='bbox 1189 1243 1318 1278; x_wconf 78' lang='grc' dir='ltr'>Μωῦσῆν,</span> <span class='ocrx_word' id='word_1_489' title='bbox 1332 1245 1368 1276; x_wconf 86' lang='grc' dir='ltr'>ὡς</span> <span class='ocrx_word' id='word_1_490' title='bbox 1382 1244 1454 1277; x_wconf 83' lang='grc' dir='ltr'>εἴτις</span> <span class='ocrx_word' id='word_1_491' title='bbox 1467 1244 1579 1280; x_wconf 79' lang='grc' dir='ltr'>λαλήσει</span> <span class='ocrx_word' id='word_1_492' title='bbox 1591 1244 1656 1286; x_wconf 84' lang='grc' dir='ltr'>πρὸς</span> <span class='ocrx_word' id='word_1_493' title='bbox 1668 1244 1712 1274; x_wconf 84' lang='grc' dir='ltr'>τὸν</span> <span class='ocrx_word' id='word_1_494' title='bbox 1727 1247 1820 1275; x_wconf 76' lang='grc' dir='ltr'>ἑαυτοῦ</span> 
     </span>
     <span class='ocr_line' id='line_1_74' title="bbox 1050 1284 1822 1331; baseline 0.01 -18"><span class='ocrx_word' id='word_1_495' title='bbox 1050 1284 1136 1325; x_wconf 82' lang='grc' dir='ltr'>φίλον.</span> <span class='ocrx_word' id='word_1_496' title='bbox 1161 1287 1263 1322; x_wconf 84' lang='grc' dir='ltr'>Ἰησοῦς</span> <span class='ocrx_word' id='word_1_497' title='bbox 1286 1288 1339 1317; x_wconf 86' lang='grc' dir='ltr'>δὲὸ</span> <span class='ocrx_word' id='word_1_498' title='bbox 1353 1291 1398 1318; x_wconf 87' lang='grc' dir='ltr'>τοῦ</span> <span class='ocrx_word' id='word_1_499' title='bbox 1421 1291 1499 1325; x_wconf 84' lang='grc' dir='ltr'>Ναυῆ</span> <span class='ocrx_word' id='word_1_500' title='bbox 1518 1291 1566 1319; x_wconf 80' lang='grc' dir='ltr'>οὐκ</span> <span class='ocrx_word' id='word_1_501' title='bbox 1588 1290 1756 1331; x_wconf 78' lang='grc' dir='ltr'>ἐξεπορεύετο</span> <span class='ocrx_word' id='word_1_502' title='bbox 1774 1293 1822 1327; x_wconf 77' lang='grc' dir='ltr'>τῆς</span> 
     </span>
     <span class='ocr_line' id='line_1_75' title="bbox 1051 1332 1822 1374; baseline 0.009 -15"><span class='ocrx_word' id='word_1_503' title='bbox 1051 1332 1161 1366; x_wconf 86' lang='grc' dir='ltr'>σκηνῆς.</span> <span class='ocrx_word' id='word_1_504' title='bbox 1186 1332 1256 1362; x_wconf 86' lang='grc' dir='ltr'>Τότε</span> <span class='ocrx_word' id='word_1_505' title='bbox 1277 1335 1427 1373; x_wconf 86' lang='grc' dir='ltr'>παρακαλεῖ</span> <span class='ocrx_word' id='word_1_506' title='bbox 1441 1337 1559 1371; x_wconf 80' lang='grc' dir='ltr'>Μωῦσῆς</span> <span class='ocrx_word' id='word_1_507' title='bbox 1579 1336 1624 1365; x_wconf 86' lang='grc' dir='ltr'>τὸν</span> <span class='ocrx_word' id='word_1_508' title='bbox 1647 1336 1728 1374; x_wconf 87' lang='grc' dir='ltr'>Θεὸν,</span> <span class='ocrx_word' id='word_1_509' title='bbox 1751 1336 1822 1366; x_wconf 68' lang='grc' dir='ltr'>ὥστε</span> 
     </span>
     <span class='ocr_line' id='line_1_76' title="bbox 1051 1375 1821 1419; baseline 0.01 -14"><span class='ocrx_word' id='word_1_510' title='bbox 1051 1375 1089 1415; x_wconf 79' lang='grc' dir='ltr'>μὴ</span> <span class='ocrx_word' id='word_1_511' title='bbox 1104 1379 1262 1407; x_wconf 86' lang='grc' dir='ltr'>καταλιπεῖν</span> <span class='ocrx_word' id='word_1_512' title='bbox 1276 1379 1320 1408; x_wconf 85' lang='grc' dir='ltr'>τὸν</span> <span class='ocrx_word' id='word_1_513' title='bbox 1335 1381 1398 1409; x_wconf 90' lang='grc' dir='ltr'>λαόν</span> <span class='ocrx_word' id='word_1_514' title='bbox 1408 1392 1415 1399; x_wconf 90' lang='grc'><em>·</em></span> <span class='ocrx_word' id='word_1_515' title='bbox 1435 1381 1481 1410; x_wconf 85' lang='grc' dir='ltr'>καὶ</span> <span class='ocrx_word' id='word_1_516' title='bbox 1496 1381 1624 1416; x_wconf 83' lang='grc' dir='ltr'>λαξεύσας</span> <span class='ocrx_word' id='word_1_517' title='bbox 1642 1382 1688 1412; x_wconf 81' lang='grc' dir='ltr'>δύο</span> <span class='ocrx_word' id='word_1_518' title='bbox 1698 1383 1803 1417; x_wconf 80' lang='grc' dir='ltr'>πλάκας</span> <span class='ocrx_word' id='word_1_519' title='bbox 1812 1406 1821 1419; x_wconf 88' lang='grc'>,</span> 
     </span>
     <span class='ocr_line' id='line_1_77' title="bbox 1050 1422 1822 1469; baseline 0.01 -18"><span class='ocrx_word' id='word_1_520' title='bbox 1050 1422 1180 1462; x_wconf 73' lang='grc' dir='ltr'>λαμὸἄνει</span> <span class='ocrx_word' id='word_1_521' title='bbox 1189 1424 1237 1460; x_wconf 79' lang='grc' dir='ltr'>τὴν</span> <span class='ocrx_word' id='word_1_522' title='bbox 1248 1425 1400 1466; x_wconf 75' lang='grc' dir='ltr'>δεκάλογον,</span> <span class='ocrx_word' id='word_1_523' title='bbox 1410 1427 1523 1464; x_wconf 85' lang='grc' dir='ltr'>ποιήσας</span> <span class='ocrx_word' id='word_1_524' title='bbox 1534 1427 1614 1458; x_wconf 79' lang='grc' dir='ltr'>πάλιν</span> <span class='ocrx_word' id='word_1_525' title='bbox 1625 1429 1822 1469; x_wconf 81' lang='grc' dir='ltr'>τεσσαράκοντα</span> 
     </span>
    </p>
   </div>
   <div class='ocr_carea' id='block_1_16' title="bbox 1010 1469 1822 1512">
    <p class='ocr_par' dir='ltr' id='par_1_16' title="bbox 1010 1469 1822 1512">
     <span class='ocr_line' id='line_1_78' title="bbox 1010 1469 1822 1512; baseline 0.012 -16"><span class='ocrx_word' id='word_1_526' title='bbox 1010 1471 1029 1495; x_wconf 85' lang='grc' dir='ltr'><strong>Ε</strong></span> <span class='ocrx_word' id='word_1_527' title='bbox 1050 1469 1152 1510; x_wconf 79' lang='grc' dir='ltr'>ἡμέρας</span> <span class='ocrx_word' id='word_1_528' title='bbox 1176 1470 1222 1500; x_wconf 82' lang='grc' dir='ltr'>καὶ</span> <span class='ocrx_word' id='word_1_529' title='bbox 1247 1473 1445 1512; x_wconf 82' lang='grc' dir='ltr'>τεσσαράκοντα</span> <span class='ocrx_word' id='word_1_530' title='bbox 1468 1474 1572 1508; x_wconf 83' lang='grc' dir='ltr'>νύκτας.</span> <span class='ocrx_word' id='word_1_531' title='bbox 1598 1474 1768 1505; x_wconf 76' lang='grc' dir='ltr'>Ἔντέλλεται</span> <span class='ocrx_word' id='word_1_532' title='bbox 1794 1476 1822 1505; x_wconf 80' lang='grc' dir='ltr'>δὲ</span> 
     </span>
    </p>
   </div>
   <div class='ocr_carea' id='block_1_17' title="bbox 1051 1517 1825 1979">
    <p class='ocr_par' dir='ltr' id='par_1_17' title="bbox 1051 1517 1825 1979">
     <span class='ocr_line' id='line_1_79' title="bbox 1051 1517 1822 1561; baseline 0.009 -17"><span class='ocrx_word' id='word_1_533' title='bbox 1051 1517 1123 1556; x_wconf 83' lang='grc' dir='ltr'>αὐτῷ</span> <span class='ocrx_word' id='word_1_534' title='bbox 1141 1517 1222 1546; x_wconf 80' lang='grc' dir='ltr'>πάλιν</span> <span class='ocrx_word' id='word_1_535' title='bbox 1241 1517 1363 1558; x_wconf 79' lang='grc' dir='ltr'>περὶτοῦ</span> <span class='ocrx_word' id='word_1_536' title='bbox 1379 1520 1489 1560; x_wconf 83' lang='grc' dir='ltr'>πάσχα,</span> <span class='ocrx_word' id='word_1_537' title='bbox 1515 1521 1578 1561; x_wconf 78' lang='grc' dir='ltr'>περὶ</span> <span class='ocrx_word' id='word_1_538' title='bbox 1598 1523 1644 1550; x_wconf 79' lang='grc' dir='ltr'>τοῦ</span> <span class='ocrx_word' id='word_1_539' title='bbox 1670 1520 1822 1556; x_wconf 74' lang='grc' dir='ltr'>σαὸὅάτου,</span> 
     </span>
     <span class='ocr_line' id='line_1_80' title="bbox 1051 1561 1822 1608; baseline 0.009 -17"><span class='ocrx_word' id='word_1_540' title='bbox 1051 1561 1112 1603; x_wconf 80' lang='grc' dir='ltr'>περὶ</span> <span class='ocrx_word' id='word_1_541' title='bbox 1134 1566 1181 1591; x_wconf 86' lang='grc' dir='ltr'>τοῦ</span> <span class='ocrx_word' id='word_1_542' title='bbox 1205 1563 1385 1605; x_wconf 82' lang='grc' dir='ltr'>ἐξολοθρεῦσαι</span> <span class='ocrx_word' id='word_1_543' title='bbox 1407 1566 1467 1600; x_wconf 76' lang='grc' dir='ltr'>τοὺς</span> <span class='ocrx_word' id='word_1_544' title='bbox 1480 1566 1552 1600; x_wconf 75' lang='grc' dir='ltr'>θεοὺς</span> <span class='ocrx_word' id='word_1_545' title='bbox 1573 1569 1626 1597; x_wconf 85' lang='grc' dir='ltr'>τῶν</span> <span class='ocrx_word' id='word_1_546' title='bbox 1641 1568 1732 1602; x_wconf 78' lang='grc' dir='ltr'>ἐθνῶν,</span> <span class='ocrx_word' id='word_1_547' title='bbox 1754 1567 1822 1608; x_wconf 80' lang='grc' dir='ltr'>ὑπὲρ</span> 
     </span>
     <span class='ocr_line' id='line_1_81' title="bbox 1051 1609 1821 1652; baseline 0.009 -15"><span class='ocrx_word' id='word_1_548' title='bbox 1051 1611 1097 1638; x_wconf 82' lang='grc' dir='ltr'>τοῦ</span> <span class='ocrx_word' id='word_1_549' title='bbox 1118 1609 1227 1648; x_wconf 81' lang='grc' dir='ltr'>ἁγιάσαι</span> <span class='ocrx_word' id='word_1_550' title='bbox 1242 1612 1314 1651; x_wconf 82' lang='grc' dir='ltr'>αὐτῷ</span> <span class='ocrx_word' id='word_1_551' title='bbox 1331 1611 1365 1640; x_wconf 84' lang='grc' dir='ltr'>τὰ</span> <span class='ocrx_word' id='word_1_552' title='bbox 1379 1613 1544 1652; x_wconf 85' lang='grc' dir='ltr'>πρωτότοκα.</span> <span class='ocrx_word' id='word_1_553' title='bbox 1568 1613 1700 1644; x_wconf 76' lang='grc' dir='ltr'>Ἐνταῦθα</span> <span class='ocrx_word' id='word_1_554' title='bbox 1722 1618 1821 1651; x_wconf 82' lang='grc' dir='ltr'>κεῖται,</span> 
     </span>
     <span class='ocr_line' id='line_1_82' title="bbox 1052 1655 1822 1702; baseline 0.009 -18"><span class='ocrx_word' id='word_1_555' title='bbox 1052 1655 1093 1684; x_wconf 77' lang='grc' dir='ltr'>ὅτι</span> <span class='ocrx_word' id='word_1_556' title='bbox 1102 1655 1170 1694; x_wconf 79' lang='grc' dir='ltr'>μετὰ</span> <span class='ocrx_word' id='word_1_557' title='bbox 1178 1657 1351 1696; x_wconf 81' lang='grc' dir='ltr'>καλύμματος</span> <span class='ocrx_word' id='word_1_558' title='bbox 1359 1659 1450 1689; x_wconf 78' lang='grc' dir='ltr'>ἐλάλει</span> <span class='ocrx_word' id='word_1_559' title='bbox 1459 1661 1576 1696; x_wconf 81' lang='grc' dir='ltr'>Μωϋσῆς</span> <span class='ocrx_word' id='word_1_560' title='bbox 1588 1663 1626 1702; x_wconf 77' lang='grc' dir='ltr'>τῷ</span> <span class='ocrx_word' id='word_1_561' title='bbox 1635 1662 1692 1702; x_wconf 81' lang='grc' dir='ltr'>λαῷ</span> <span class='ocrx_word' id='word_1_562' title='bbox 1704 1673 1711 1680; x_wconf 91' lang='grc'><em>·</em></span> <span class='ocrx_word' id='word_1_563' title='bbox 1724 1660 1739 1690; x_wconf 83' lang='grc' dir='ltr'>ὃ</span> <span class='ocrx_word' id='word_1_564' title='bbox 1747 1663 1774 1691; x_wconf 83' lang='grc' dir='ltr'>ἐν</span> <span class='ocrx_word' id='word_1_565' title='bbox 1787 1663 1822 1701; x_wconf 85' lang='grc' dir='ltr'>τῇ</span> 
     </span>
     <span class='ocr_line' id='line_1_83' title="bbox 1053 1701 1822 1746; baseline 0.01 -16"><span class='ocrx_word' id='word_1_566' title='bbox 1053 1701 1162 1742; x_wconf 80' lang='grc' dir='ltr'>δευτέρᾳ</span> <span class='ocrx_word' id='word_1_567' title='bbox 1174 1703 1240 1743; x_wconf 84' lang='grc' dir='ltr'>πρὸς</span> <span class='ocrx_word' id='word_1_568' title='bbox 1253 1705 1404 1744; x_wconf 86' lang='grc' dir='ltr'>Κορινθίους</span> <span class='ocrx_word' id='word_1_569' title='bbox 1418 1706 1497 1746; x_wconf 81' lang='grc' dir='ltr'>φησὶν</span> <span class='ocrx_word' id='word_1_570' title='bbox 1515 1710 1530 1737; x_wconf 83' lang='grc' dir='ltr'>ὁ</span> <span class='ocrx_word' id='word_1_571' title='bbox 1548 1708 1665 1742; x_wconf 82' lang='grc' dir='ltr'>Παῦλος.</span> <span class='ocrx_word' id='word_1_572' title='bbox 1687 1708 1756 1738; x_wconf 81' lang='grc' dir='ltr'>Τότε</span> <span class='ocrx_word' id='word_1_573' title='bbox 1771 1709 1822 1737; x_wconf 85' lang='grc' dir='ltr'>αὔ-</span> 
     </span>
     <span class='ocr_line' id='line_1_84' title="bbox 1052 1748 1824 1795; baseline 0.009 -18"><span class='ocrx_word' id='word_1_574' title='bbox 1052 1752 1106 1782; x_wconf 82' lang='grc' dir='ltr'>τοῖς</span> <span class='ocrx_word' id='word_1_575' title='bbox 1117 1748 1330 1789; x_wconf 82' lang='grc' dir='ltr'>παραγγέλλεται</span> <span class='ocrx_word' id='word_1_576' title='bbox 1343 1752 1405 1792; x_wconf 63' lang='grc' dir='ltr'>περὶΙ</span> <span class='ocrx_word' id='word_1_577' title='bbox 1417 1755 1463 1782; x_wconf 90' lang='grc' dir='ltr'>τοῦ</span> <span class='ocrx_word' id='word_1_578' title='bbox 1478 1753 1613 1783; x_wconf 69' lang='grc' dir='ltr'>σαὸὅάτου</span> <span class='ocrx_word' id='word_1_579' title='bbox 1621 1776 1629 1790; x_wconf 86' lang='grc'>,</span> <span class='ocrx_word' id='word_1_580' title='bbox 1643 1754 1689 1783; x_wconf 81' lang='grc' dir='ltr'>καὶ</span> <span class='ocrx_word' id='word_1_581' title='bbox 1702 1754 1763 1795; x_wconf 76' lang='grc' dir='ltr'>περὶ</span> <span class='ocrx_word' id='word_1_582' title='bbox 1776 1756 1824 1790; x_wconf 83' lang='grc' dir='ltr'>τῆς</span> 
     </span>
     <span class='ocr_line' id='line_1_85' title="bbox 1053 1793 1824 1839; baseline 0.013 -17"><span class='ocrx_word' id='word_1_583' title='bbox 1053 1793 1118 1830; x_wconf 81' lang='grc' dir='ltr'>ὕλης</span> <span class='ocrx_word' id='word_1_584' title='bbox 1135 1796 1181 1830; x_wconf 89' lang='grc' dir='ltr'>τῆς</span> <span class='ocrx_word' id='word_1_585' title='bbox 1199 1796 1354 1835; x_wconf 81' lang='grc' dir='ltr'>ὀφειλούσης</span> <span class='ocrx_word' id='word_1_586' title='bbox 1366 1801 1542 1839; x_wconf 76' lang='grc' dir='ltr'>προχωρῆσαι</span> <span class='ocrx_word' id='word_1_587' title='bbox 1555 1801 1592 1833; x_wconf 85' lang='grc' dir='ltr'>εἰς</span> <span class='ocrx_word' id='word_1_588' title='bbox 1605 1799 1654 1836; x_wconf 87' lang='grc' dir='ltr'>τὴν</span> <span class='ocrx_word' id='word_1_589' title='bbox 1666 1802 1714 1836; x_wconf 89' lang='grc' dir='ltr'>τῆς</span> <span class='ocrx_word' id='word_1_590' title='bbox 1725 1803 1824 1838; x_wconf 78' lang='grc' dir='ltr'>σκηνῆς</span> 
     </span>
     <span class='ocr_line' id='line_1_86' title="bbox 1053 1839 1824 1887; baseline 0.013 -19"><span class='ocrx_word' id='word_1_591' title='bbox 1053 1839 1188 1879; x_wconf 86' lang='grc' dir='ltr'>ἐργασίαν,</span> <span class='ocrx_word' id='word_1_592' title='bbox 1202 1841 1338 1880; x_wconf 76' lang='grc' dir='ltr'>τουτέστι,</span> <span class='ocrx_word' id='word_1_593' title='bbox 1358 1844 1420 1884; x_wconf 81' lang='grc' dir='ltr'>περὶ</span> <span class='ocrx_word' id='word_1_594' title='bbox 1438 1848 1484 1874; x_wconf 82' lang='grc' dir='ltr'>τοῦ</span> <span class='ocrx_word' id='word_1_595' title='bbox 1498 1849 1614 1886; x_wconf 77' lang='grc' dir='ltr'>χρυσοῦ,</span> <span class='ocrx_word' id='word_1_596' title='bbox 1635 1849 1682 1876; x_wconf 80' lang='grc' dir='ltr'>τοῦ</span> <span class='ocrx_word' id='word_1_597' title='bbox 1704 1848 1805 1887; x_wconf 78' lang='grc' dir='ltr'>χαλκοῦ</span> <span class='ocrx_word' id='word_1_598' title='bbox 1814 1869 1824 1884; x_wconf 95' lang='grc'>,</span> 
     </span>
     <span class='ocr_line' id='line_1_87' title="bbox 1053 1887 1824 1933; baseline 0.013 -19"><span class='ocrx_word' id='word_1_599' title='bbox 1053 1887 1105 1914; x_wconf 86' lang='grc' dir='ltr'>τῶν</span> <span class='ocrx_word' id='word_1_600' title='bbox 1120 1888 1229 1926; x_wconf 82' lang='grc' dir='ltr'>τριχῶν,</span> <span class='ocrx_word' id='word_1_601' title='bbox 1240 1887 1285 1917; x_wconf 81' lang='grc' dir='ltr'>καὶ</span> <span class='ocrx_word' id='word_1_602' title='bbox 1298 1890 1347 1924; x_wconf 76' lang='grc' dir='ltr'>τῆς</span> <span class='ocrx_word' id='word_1_603' title='bbox 1357 1890 1452 1926; x_wconf 85' lang='grc' dir='ltr'>λοιπῆς</span> <span class='ocrx_word' id='word_1_604' title='bbox 1463 1890 1537 1927; x_wconf 77' lang='grc' dir='ltr'>ὅλης.</span> <span class='ocrx_word' id='word_1_605' title='bbox 1550 1892 1605 1922; x_wconf 84' lang='grc' dir='ltr'>Καὶ</span> <span class='ocrx_word' id='word_1_606' title='bbox 1625 1894 1650 1922; x_wconf 82' lang='grc' dir='ltr'>οἱ</span> <span class='ocrx_word' id='word_1_607' title='bbox 1670 1893 1720 1932; x_wconf 80' lang='grc' dir='ltr'>μὲν</span> <span class='ocrx_word' id='word_1_608' title='bbox 1733 1893 1824 1933; x_wconf 78' lang='grc' dir='ltr'>ἔφερον</span> 
     </span>
     <span class='ocr_line' id='line_1_88' title="bbox 1052 1933 1825 1979; baseline 0.012 -19"><span class='ocrx_word' id='word_1_609' title='bbox 1052 1933 1139 1972; x_wconf 86' lang='grc' dir='ltr'>πολλῇ</span> <span class='ocrx_word' id='word_1_610' title='bbox 1152 1935 1186 1972; x_wconf 82' lang='grc' dir='ltr'>τῇ</span> <span class='ocrx_word' id='word_1_611' title='bbox 1201 1934 1350 1974; x_wconf 82' lang='grc' dir='ltr'>προθυμίᾳ,</span> <span class='ocrx_word' id='word_1_612' title='bbox 1368 1936 1404 1968; x_wconf 83' lang='grc' dir='ltr'>ὡς</span> <span class='ocrx_word' id='word_1_613' title='bbox 1423 1936 1469 1965; x_wconf 76' lang='grc' dir='ltr'>καὶ</span> <span class='ocrx_word' id='word_1_614' title='bbox 1489 1938 1654 1977; x_wconf 85' lang='grc' dir='ltr'>περισσεύειν</span> <span class='ocrx_word' id='word_1_615' title='bbox 1665 1951 1672 1957; x_wconf 94' lang='grc'><em>·</em></span> <span class='ocrx_word' id='word_1_616' title='bbox 1686 1939 1825 1979; x_wconf 80' lang='grc' dir='ltr'>ἐργάζεται</span> 
     </span>
    </p>
   </div>
   <div class='ocr_carea' id='block_1_18' title="bbox 250 1977 1824 2074">
    <p class='ocr_par' dir='ltr' id='par_1_18' title="bbox 250 1977 1824 2074">
     <span class='ocr_line' id='line_1_89' title="bbox 250 1977 1824 2025; baseline 0.008 -12"><span class='ocrx_word' id='word_1_617' title='bbox 250 1992 418 2025; x_wconf 81' lang='lat' dir='ltr'>praeceptum</span> <span class='ocrx_word' id='word_1_618' title='bbox 431 1992 470 2015; x_wconf 87' lang='lat' dir='ltr'>est</span> <span class='ocrx_word' id='word_1_619' title='bbox 481 1985 515 2014; x_wconf 90' lang='lat' dir='ltr'>de</span> <span class='ocrx_word' id='word_1_620' title='bbox 528 1986 650 2023; x_wconf 83' lang='lat' dir='ltr'>sabbato,</span> <span class='ocrx_word' id='word_1_621' title='bbox 664 1987 698 2016; x_wconf 90' lang='lat' dir='ltr'>de</span> <span class='ocrx_word' id='word_1_622' title='bbox 709 1988 820 2018; x_wconf 82' lang='lat' dir='ltr'>materia</span> <span class='ocrx_word' id='word_1_623' title='bbox 830 1988 865 2018; x_wconf 81' lang='lat' dir='ltr'>ad</span> <span class='ocrx_word' id='word_1_624' title='bbox 874 1990 996 2020; x_wconf 82' lang='lat' dir='ltr'>taberna·</span> <span class='ocrx_word' id='word_1_625' title='bbox 1005 2001 1042 2021; x_wconf 73' lang='lat'>330</span> <span class='ocrx_word' id='word_1_626' title='bbox 1055 1977 1082 2007; x_wconf 72' lang='grc' dir='ltr'>δὲ</span> <span class='ocrx_word' id='word_1_627' title='bbox 1095 1978 1230 2015; x_wconf 62' lang='grc' dir='ltr'>Βῑσῑλεὴλ</span> <span class='ocrx_word' id='word_1_628' title='bbox 1242 1980 1274 2008; x_wconf 59' lang='grc' dir='ltr'>ἐκ</span> <span class='ocrx_word' id='word_1_629' title='bbox 1285 1982 1333 2016; x_wconf 62' lang='grc' dir='ltr'>Τῆς</span> <span class='ocrx_word' id='word_1_630' title='bbox 1347 1982 1430 2021; x_wconf 65' lang='grc' dir='ltr'>φυλῆς</span> <span class='ocrx_word' id='word_1_631' title='bbox 1444 1982 1548 2020; x_wconf 63' lang='grc' dir='ltr'>Ἰούδα,</span> <span class='ocrx_word' id='word_1_632' title='bbox 1562 1984 1608 2013; x_wconf 66' lang='grc' dir='ltr'>καὶ</span> <span class='ocrx_word' id='word_1_633' title='bbox 1625 1984 1722 2015; x_wconf 62' lang='grc' dir='ltr'>Ἐλῑὰὸ</span> <span class='ocrx_word' id='word_1_634' title='bbox 1734 1986 1765 2014; x_wconf 67' lang='grc' dir='ltr'>ἐκ</span> <span class='ocrx_word' id='word_1_635' title='bbox 1777 1988 1824 2022; x_wconf 66' lang='grc' dir='ltr'>τῆς</span> 
     </span>
     <span class='ocr_line' id='line_1_90' title="bbox 251 2024 1823 2074; baseline 0.007 -15"><span class='ocrx_word' id='word_1_636' title='bbox 251 2031 308 2060; x_wconf 90' lang='lat' dir='ltr'>culi</span> <span class='ocrx_word' id='word_1_637' title='bbox 321 2032 547 2061; x_wconf 85' lang='lat' dir='ltr'>constructionem</span> <span class='ocrx_word' id='word_1_638' title='bbox 560 2031 723 2070; x_wconf 81' lang='lat' dir='ltr'>adhibenda,</span> <span class='ocrx_word' id='word_1_639' title='bbox 738 2033 790 2063; x_wconf 91' lang='lat' dir='ltr'>hoc</span> <span class='ocrx_word' id='word_1_640' title='bbox 801 2041 852 2071; x_wconf 88' lang='lat' dir='ltr'>est,</span> <span class='ocrx_word' id='word_1_641' title='bbox 867 2035 901 2064; x_wconf 91' lang='lat' dir='ltr'>de</span> <span class='ocrx_word' id='word_1_642' title='bbox 916 2046 995 2074; x_wconf 80' lang='lat' dir='ltr'>auro,</span> <span class='ocrx_word' id='word_1_643' title='bbox 1013 2029 1034 2052; x_wconf 68' lang='grc' dir='ltr'><strong>Α</strong></span> <span class='ocrx_word' id='word_1_644' title='bbox 1054 2025 1138 2064; x_wconf 63' lang='grc' dir='ltr'>φυλῆς</span> <span class='ocrx_word' id='word_1_645' title='bbox 1147 2024 1201 2054; x_wconf 46' lang='lat' dir='ltr'>Ab</span> <span class='ocrx_word' id='word_1_646' title='bbox 1217 2025 1322 2055; x_wconf 63' lang='grc' dir='ltr'>ἅπαντα</span> <span class='ocrx_word' id='word_1_647' title='bbox 1332 2027 1366 2056; x_wconf 71' lang='grc' dir='ltr'>τὰ</span> <span class='ocrx_word' id='word_1_648' title='bbox 1377 2027 1442 2068; x_wconf 65' lang='grc' dir='ltr'>πρὸς</span> <span class='ocrx_word' id='word_1_649' title='bbox 1451 2027 1500 2064; x_wconf 61' lang='grc' dir='ltr'>τὴν</span> <span class='ocrx_word' id='word_1_650' title='bbox 1513 2030 1689 2067; x_wconf 57' lang='grc' dir='ltr'>κατασκευὴν,</span> <span class='ocrx_word' id='word_1_651' title='bbox 1703 2031 1748 2061; x_wconf 62' lang='grc' dir='ltr'>καὶ</span> <span class='ocrx_word' id='word_1_652' title='bbox 1759 2031 1823 2069; x_wconf 55' lang='lat'>3⁶⁹¹!</span> 
     </span>
    </p>
   </div>
   <div class='ocr_carea' id='block_1_19' title="bbox 249 2076 998 2490">
    <p class='ocr_par' dir='ltr' id='par_1_19' title="bbox 249 2076 998 2490">
     <span class='ocr_line' id='line_1_91' title="bbox 249 2076 997 2118; baseline 0.007 -12"><span class='ocrx_word' id='word_1_653' title='bbox 249 2076 286 2106; x_wconf 89' lang='lat' dir='ltr'>de</span> <span class='ocrx_word' id='word_1_654' title='bbox 296 2087 359 2115; x_wconf 84' lang='lat' dir='ltr'>aere,</span> <span class='ocrx_word' id='word_1_655' title='bbox 372 2077 407 2107; x_wconf 89' lang='lat' dir='ltr'>de</span> <span class='ocrx_word' id='word_1_656' title='bbox 419 2077 528 2117; x_wconf 89' lang='lat' dir='ltr'>capillis</span> <span class='ocrx_word' id='word_1_657' title='bbox 532 2099 541 2114; x_wconf 86' lang='lat'><em>‚</em></span> <span class='ocrx_word' id='word_1_658' title='bbox 553 2078 640 2117; x_wconf 87' lang='lat' dir='ltr'>deque</span> <span class='ocrx_word' id='word_1_659' title='bbox 652 2078 756 2118; x_wconf 87' lang='lat' dir='ltr'>reliqua</span> <span class='ocrx_word' id='word_1_660' title='bbox 770 2080 892 2110; x_wconf 85' lang='lat' dir='ltr'>materia.</span> <span class='ocrx_word' id='word_1_661' title='bbox 906 2082 943 2111; x_wconf 87' lang='lat' dir='ltr'>Et</span> <span class='ocrx_word' id='word_1_662' title='bbox 953 2082 997 2112; x_wconf 91' lang='lat' dir='ltr'>illi</span> 
     </span>
     <span class='ocr_line' id='line_1_92' title="bbox 251 2122 998 2164; baseline 0.009 -12"><span class='ocrx_word' id='word_1_663' title='bbox 251 2122 362 2162; x_wconf 90' lang='lat' dir='ltr'>quidem</span> <span class='ocrx_word' id='word_1_664' title='bbox 382 2134 446 2153; x_wconf 90' lang='lat' dir='ltr'>cum</span> <span class='ocrx_word' id='word_1_665' title='bbox 466 2133 561 2163; x_wconf 84' lang='lat' dir='ltr'>magna</span> <span class='ocrx_word' id='word_1_666' title='bbox 581 2124 727 2154; x_wconf 79' lang='lat' dir='ltr'>afferebant</span> <span class='ocrx_word' id='word_1_667' title='bbox 744 2126 899 2164; x_wconf 82' lang='lat' dir='ltr'>alacritate,</span> <span class='ocrx_word' id='word_1_668' title='bbox 915 2127 953 2158; x_wconf 86' lang='lat' dir='ltr'>ita</span> <span class='ocrx_word' id='word_1_669' title='bbox 967 2137 998 2159; x_wconf 90' lang='lat' dir='ltr'>ut</span> 
     </span>
     <span class='ocr_line' id='line_1_93' title="bbox 252 2169 996 2210; baseline 0.011 -12"><span class='ocrx_word' id='word_1_670' title='bbox 252 2169 432 2206; x_wconf 85' lang='lat' dir='ltr'>redundaret;</span> <span class='ocrx_word' id='word_1_671' title='bbox 446 2176 569 2210; x_wconf 90' lang='lat' dir='ltr'>operatus</span> <span class='ocrx_word' id='word_1_672' title='bbox 588 2177 679 2201; x_wconf 91' lang='lat' dir='ltr'>autem</span> <span class='ocrx_word' id='word_1_673' title='bbox 691 2179 731 2202; x_wconf 88' lang='lat' dir='ltr'>est</span> <span class='ocrx_word' id='word_1_674' title='bbox 743 2173 860 2204; x_wconf 85' lang='lat' dir='ltr'>Beseleel</span> <span class='ocrx_word' id='word_1_675' title='bbox 873 2174 907 2205; x_wconf 86' lang='lat' dir='ltr'>de</span> <span class='ocrx_word' id='word_1_676' title='bbox 923 2176 996 2206; x_wconf 88' lang='lat' dir='ltr'>tribu</span> 
     </span>
     <span class='ocr_line' id='line_1_94' title="bbox 252 2216 997 2261; baseline 0.008 -15"><span class='ocrx_word' id='word_1_677' title='bbox 252 2217 337 2254; x_wconf 83' lang='lat' dir='ltr'>Juda,</span> <span class='ocrx_word' id='word_1_678' title='bbox 352 2224 378 2247; x_wconf 90' lang='lat' dir='ltr'>et</span> <span class='ocrx_word' id='word_1_679' title='bbox 388 2217 470 2247; x_wconf 84' lang='lat' dir='ltr'>Eliab</span> <span class='ocrx_word' id='word_1_680' title='bbox 482 2216 600 2247; x_wconf 84' lang='lat' dir='ltr'>detribu</span> <span class='ocrx_word' id='word_1_681' title='bbox 613 2217 676 2247; x_wconf 89' lang='lat' dir='ltr'>Dan</span> <span class='ocrx_word' id='word_1_682' title='bbox 689 2219 778 2248; x_wconf 87' lang='lat' dir='ltr'>omnia</span> <span class='ocrx_word' id='word_1_683' title='bbox 791 2220 827 2249; x_wconf 85' lang='lat' dir='ltr'>ad</span> <span class='ocrx_word' id='word_1_684' title='bbox 838 2229 997 2261; x_wconf 85' lang='lat' dir='ltr'>apparatum</span> 
     </span>
     <span class='ocr_line' id='line_1_95' title="bbox 252 2263 997 2308; baseline 0.008 -16"><span class='ocrx_word' id='word_1_685' title='bbox 252 2264 411 2301; x_wconf 80' lang='lat' dir='ltr'>necessaria3</span> <span class='ocrx_word' id='word_1_686' title='bbox 422 2270 449 2292; x_wconf 90' lang='lat' dir='ltr'>et</span> <span class='ocrx_word' id='word_1_687' title='bbox 461 2263 664 2293; x_wconf 86' lang='lat' dir='ltr'>tabernaculum</span> <span class='ocrx_word' id='word_1_688' title='bbox 683 2264 764 2302; x_wconf 86' lang='lat' dir='ltr'>stetit,</span> <span class='ocrx_word' id='word_1_689' title='bbox 777 2266 914 2306; x_wconf 79' lang='lat' dir='ltr'>nubesque</span> <span class='ocrx_word' id='word_1_690' title='bbox 933 2278 997 2308; x_wconf 86' lang='lat' dir='ltr'>ope-</span> 
     </span>
     <span class='ocr_line' id='line_1_96' title="bbox 252 2309 995 2354; baseline 0.007 -15"><span class='ocrx_word' id='word_1_691' title='bbox 252 2310 308 2339; x_wconf 83' lang='lat' dir='ltr'>ruit</span> <span class='ocrx_word' id='word_1_692' title='bbox 321 2309 402 2339; x_wconf 82' lang='lat' dir='ltr'>illud.</span> <span class='ocrx_word' id='word_1_693' title='bbox 416 2309 498 2348; x_wconf 89' lang='lat' dir='ltr'>Quod</span> <span class='ocrx_word' id='word_1_694' title='bbox 517 2317 606 2340; x_wconf 88' lang='lat' dir='ltr'>autem</span> <span class='ocrx_word' id='word_1_695' title='bbox 625 2310 776 2351; x_wconf 84' lang='lat' dir='ltr'>impensum</span> <span class='ocrx_word' id='word_1_696' title='bbox 788 2312 840 2342; x_wconf 88' lang='lat' dir='ltr'>fuit</span> <span class='ocrx_word' id='word_1_697' title='bbox 853 2313 888 2342; x_wconf 88' lang='lat' dir='ltr'>ad</span> <span class='ocrx_word' id='word_1_698' title='bbox 901 2325 995 2354; x_wconf 88' lang='lat' dir='ltr'>opera,</span> 
     </span>
     <span class='ocr_line' id='line_1_97' title="bbox 252 2356 997 2400; baseline 0.007 -15"><span class='ocrx_word' id='word_1_699' title='bbox 252 2356 313 2385; x_wconf 78' lang='lat' dir='ltr'>nuri</span> <span class='ocrx_word' id='word_1_700' title='bbox 326 2356 437 2396; x_wconf 86' lang='lat' dir='ltr'>quidem</span> <span class='ocrx_word' id='word_1_701' title='bbox 451 2356 549 2396; x_wconf 82' lang='lat' dir='ltr'>viginti</span> <span class='ocrx_word' id='word_1_702' title='bbox 562 2367 660 2387; x_wconf 88' lang='lat' dir='ltr'>novem</span> <span class='ocrx_word' id='word_1_703' title='bbox 673 2357 770 2387; x_wconf 84' lang='lat' dir='ltr'>talenta</span> <span class='ocrx_word' id='word_1_704' title='bbox 784 2365 811 2387; x_wconf 87' lang='lat' dir='ltr'>et</span> <span class='ocrx_word' id='word_1_705' title='bbox 823 2359 882 2388; x_wconf 90' lang='lat' dir='ltr'>sicli</span> <span class='ocrx_word' id='word_1_706' title='bbox 897 2361 997 2400; x_wconf 80' lang='lat' dir='ltr'>septin-</span> 
     </span>
     <span class='ocr_line' id='line_1_98' title="bbox 253 2402 994 2442; baseline 0.007 -11"><span class='ocrx_word' id='word_1_707' title='bbox 253 2402 336 2442; x_wconf 86' lang='lat' dir='ltr'>genti,</span> <span class='ocrx_word' id='word_1_708' title='bbox 349 2403 452 2442; x_wconf 84' lang='lat' dir='ltr'>argenti</span> <span class='ocrx_word' id='word_1_709' title='bbox 471 2403 570 2433; x_wconf 84' lang='lat' dir='ltr'>talenta</span> <span class='ocrx_word' id='word_1_710' title='bbox 590 2410 708 2440; x_wconf 84' lang='lat' dir='ltr'>centum,</span> <span class='ocrx_word' id='word_1_711' title='bbox 719 2403 779 2433; x_wconf 90' lang='lat' dir='ltr'>sicli</span> <span class='ocrx_word' id='word_1_712' title='bbox 792 2405 863 2442; x_wconf 69' lang='lat'>772,</span> <span class='ocrx_word' id='word_1_713' title='bbox 877 2406 937 2436; x_wconf 80' lang='lat' dir='ltr'>aeris</span> <span class='ocrx_word' id='word_1_714' title='bbox 953 2413 994 2437; x_wconf 87' lang='lat' dir='ltr'>ta-</span> 
     </span>
     <span class='ocr_line' id='line_1_99' title="bbox 254 2447 923 2490; baseline 0.006 -13"><span class='ocrx_word' id='word_1_715' title='bbox 254 2447 325 2478; x_wconf 87' lang='lat' dir='ltr'>lenta</span> <span class='ocrx_word' id='word_1_716' title='bbox 338 2447 516 2488; x_wconf 83' lang='lat' dir='ltr'>septuaginta,</span> <span class='ocrx_word' id='word_1_717' title='bbox 527 2455 554 2478; x_wconf 85' lang='lat' dir='ltr'>et</span> <span class='ocrx_word' id='word_1_718' title='bbox 563 2448 606 2479; x_wconf 89' lang='lat' dir='ltr'>bis</span> <span class='ocrx_word' id='word_1_719' title='bbox 616 2448 692 2479; x_wconf 88' lang='lat' dir='ltr'>mille</span> <span class='ocrx_word' id='word_1_720' title='bbox 703 2449 842 2490; x_wconf 82' lang='lat' dir='ltr'>quingenti</span> <span class='ocrx_word' id='word_1_721' title='bbox 852 2451 923 2481; x_wconf 88' lang='lat' dir='ltr'>sicli.</span> 
     </span>
    </p>
   </div>
   <div class='ocr_carea' id='block_1_20' title="bbox 287 2551 750 2589">
    <p class='ocr_par' dir='ltr' id='par_1_20' title="bbox 287 2551 750 2589">
     <span class='ocr_line' id='line_1_100' title="bbox 287 2551 750 2589; baseline 0.006 -14"><span class='ocrx_word' id='word_1_722' title='bbox 287 2560 298 2570; x_wconf 71' lang='lat' dir='ltr'>n</span> <span class='ocrx_word' id='word_1_723' title='bbox 317 2553 348 2576; x_wconf 89' lang='lat' dir='ltr'>In</span> <span class='ocrx_word' id='word_1_724' title='bbox 359 2551 444 2576; x_wconf 85' lang='lat' dir='ltr'>Bibliis</span> <span class='ocrx_word' id='word_1_725' title='bbox 454 2551 544 2585; x_wconf 84' lang='lat' dir='ltr'>legitur</span> <span class='ocrx_word' id='word_1_726' title='bbox 555 2557 588 2582; x_wconf 79' lang='grc' dir='ltr'>τίς</span> <span class='ocrx_word' id='word_1_727' title='bbox 597 2558 653 2589; x_wconf 79' lang='grc' dir='ltr'>πρὸς</span> <span class='ocrx_word' id='word_1_728' title='bbox 665 2556 750 2589; x_wconf 72' lang='grc' dir='ltr'>Κύριον.</span> 
     </span>
    </p>
   </div>
   <div class='ocr_carea' id='block_1_21' title="bbox 1053 2071 1826 2255">
    <p class='ocr_par' dir='ltr' id='par_1_21' title="bbox 1053 2071 1826 2255">
     <span class='ocr_line' id='line_1_101' title="bbox 1053 2071 1823 2117; baseline 0.01 -17"><span class='ocrx_word' id='word_1_729' title='bbox 1053 2074 1070 2108; x_wconf 85' lang='grc' dir='ltr'>ἡ</span> <span class='ocrx_word' id='word_1_730' title='bbox 1084 2071 1168 2108; x_wconf 74' lang='grc' dir='ltr'>σκηνὴ</span> <span class='ocrx_word' id='word_1_731' title='bbox 1178 2094 1187 2108; x_wconf 88' lang='grc'>,</span> <span class='ocrx_word' id='word_1_732' title='bbox 1207 2072 1252 2101; x_wconf 78' lang='grc' dir='ltr'>καὶ</span> <span class='ocrx_word' id='word_1_733' title='bbox 1273 2073 1403 2114; x_wconf 76' lang='grc' dir='ltr'>ἐκάλυψεν</span> <span class='ocrx_word' id='word_1_734' title='bbox 1417 2075 1499 2112; x_wconf 82' lang='grc' dir='ltr'>αὐτὴν</span> <span class='ocrx_word' id='word_1_735' title='bbox 1513 2078 1531 2112; x_wconf 82' lang='grc' dir='ltr'>ἡ</span> <span class='ocrx_word' id='word_1_736' title='bbox 1545 2076 1652 2117; x_wconf 82' lang='grc' dir='ltr'>νεφέλη.</span> <span class='ocrx_word' id='word_1_737' title='bbox 1664 2077 1703 2107; x_wconf 86' lang='grc' dir='ltr'>Τὸ</span> <span class='ocrx_word' id='word_1_738' title='bbox 1717 2077 1746 2107; x_wconf 79' lang='grc' dir='ltr'>δὲ</span> <span class='ocrx_word' id='word_1_739' title='bbox 1758 2080 1823 2107; x_wconf 78' lang='grc' dir='ltr'>ἀνα-</span> 
     </span>
     <span class='ocr_line' id='line_1_102' title="bbox 1053 2117 1822 2161; baseline 0.01 -14"><span class='ocrx_word' id='word_1_740' title='bbox 1053 2117 1136 2148; x_wconf 83' lang='grc' dir='ltr'>λωθὲν</span> <span class='ocrx_word' id='word_1_741' title='bbox 1154 2120 1191 2152; x_wconf 82' lang='grc' dir='ltr'>εἷς</span> <span class='ocrx_word' id='word_1_742' title='bbox 1204 2118 1237 2148; x_wconf 80' lang='grc' dir='ltr'>τὰ</span> <span class='ocrx_word' id='word_1_743' title='bbox 1252 2118 1317 2159; x_wconf 87' lang='grc' dir='ltr'>ἔργα</span> <span class='ocrx_word' id='word_1_744' title='bbox 1330 2120 1442 2161; x_wconf 80' lang='grc' dir='ltr'>χρυσίου</span> <span class='ocrx_word' id='word_1_745' title='bbox 1456 2121 1503 2161; x_wconf 83' lang='grc' dir='ltr'>μὲν</span> <span class='ocrx_word' id='word_1_746' title='bbox 1517 2122 1635 2153; x_wconf 80' lang='grc' dir='ltr'>τάλαντα</span> <span class='ocrx_word' id='word_1_747' title='bbox 1655 2124 1706 2154; x_wconf 87' lang='grc' dir='ltr'>κθ’.</span> <span class='ocrx_word' id='word_1_748' title='bbox 1720 2124 1766 2154; x_wconf 78' lang='grc' dir='ltr'>καὶ</span> <span class='ocrx_word' id='word_1_749' title='bbox 1779 2123 1822 2154; x_wconf 88' lang='grc' dir='ltr'>σί-</span> 
     </span>
     <span class='ocr_line' id='line_1_103' title="bbox 1054 2163 1826 2211; baseline 0.009 -18"><span class='ocrx_word' id='word_1_750' title='bbox 1054 2166 1113 2194; x_wconf 86' lang='grc' dir='ltr'>κλοι</span> <span class='ocrx_word' id='word_1_751' title='bbox 1125 2163 1174 2205; x_wconf 82' lang='grc' dir='ltr'>ψ’.,</span> <span class='ocrx_word' id='word_1_752' title='bbox 1189 2166 1313 2206; x_wconf 84' lang='grc' dir='ltr'>ἀργυρίου</span> <span class='ocrx_word' id='word_1_753' title='bbox 1334 2167 1362 2196; x_wconf 87' lang='grc' dir='ltr'>δὲ</span> <span class='ocrx_word' id='word_1_754' title='bbox 1377 2167 1496 2197; x_wconf 78' lang='grc' dir='ltr'>τάλαντα</span> <span class='ocrx_word' id='word_1_755' title='bbox 1510 2167 1553 2209; x_wconf 85' lang='grc' dir='ltr'>ρ’.,</span> <span class='ocrx_word' id='word_1_756' title='bbox 1567 2169 1654 2200; x_wconf 72' lang='grc' dir='ltr'>σίκλου.</span> <span class='ocrx_word' id='word_1_757' title='bbox 1673 2170 1755 2211; x_wconf 74' lang='grc' dir='ltr'>ψοὸ’.,</span> <span class='ocrx_word' id='word_1_758' title='bbox 1780 2171 1826 2202; x_wconf 84' lang='grc' dir='ltr'>καὶ</span> 
     </span>
     <span class='ocr_line' id='line_1_104' title="bbox 1053 2211 1565 2255; baseline 0.012 -16"><span class='ocrx_word' id='word_1_759' title='bbox 1053 2212 1154 2251; x_wconf 82' lang='grc' dir='ltr'>χαλκοῦ</span> <span class='ocrx_word' id='word_1_760' title='bbox 1167 2211 1284 2241; x_wconf 85' lang='grc' dir='ltr'>τάλαντα</span> <span class='ocrx_word' id='word_1_761' title='bbox 1297 2211 1339 2250; x_wconf 85' lang='grc' dir='ltr'>ο’.,</span> <span class='ocrx_word' id='word_1_762' title='bbox 1353 2214 1398 2243; x_wconf 83' lang='grc' dir='ltr'>καὶ</span> <span class='ocrx_word' id='word_1_763' title='bbox 1411 2213 1497 2245; x_wconf 87' lang='grc' dir='ltr'>σίκλοι</span> <span class='ocrx_word' id='word_1_764' title='bbox 1511 2214 1565 2255; x_wconf 83' lang='grc' dir='ltr'>βφ’.</span> 
     </span>
    </p>
   </div>
   <div class='ocr_carea' id='block_1_22' title="bbox 1105 2561 1628 2602">
    <p class='ocr_par' dir='ltr' id='par_1_22' title="bbox 1105 2561 1628 2602">
     <span class='ocr_line' id='line_1_105' title="bbox 1105 2561 1628 2602; baseline 0.011 -17"><span class='ocrx_word' id='word_1_765' title='bbox 1105 2561 1117 2580; x_wconf 78' lang='lat'>¹·</span> <span class='ocrx_word' id='word_1_766' title='bbox 1135 2561 1165 2586; x_wconf 88' lang='lat' dir='ltr'>In</span> <span class='ocrx_word' id='word_1_767' title='bbox 1176 2561 1262 2588; x_wconf 78' lang='lat' dir='ltr'>Bibliis</span> <span class='ocrx_word' id='word_1_768' title='bbox 1271 2564 1365 2589; x_wconf 68' lang='lat' dir='ltr'>Graecis</span> <span class='ocrx_word' id='word_1_769' title='bbox 1376 2564 1464 2599; x_wconf 82' lang='lat' dir='ltr'>legitur</span> <span class='ocrx_word' id='word_1_770' title='bbox 1475 2569 1495 2592; x_wconf 75' lang='lat' dir='ltr'>el</span> <span class='ocrx_word' id='word_1_771' title='bbox 1505 2568 1548 2599; x_wconf 75' lang='grc' dir='ltr'>μὶν</span> <span class='ocrx_word' id='word_1_772' title='bbox 1558 2571 1628 2602; x_wconf 64' lang='grc' dir='ltr'>ἀρεῖς.</span> 
     </span>
    </p>
   </div>
  </div>
 </body>
</html>
