1890 2826
100 2548 146 2569 Jer.

227 152 291 187 180
557 160 587 183 S.
614 159 755 185 JOANNJS
781 158 964 182 CHRYSOST.
993 157 1149 181 ARCHIEP.
1179 156 1448 181 CONSTANTINOP.

222 222 346 252 cumdem
379 222 469 257 virum
499 221 595 251 iterum
630 220 657 250 in
692 219 813 250 medium
843 211 966 248 adduca-

1017 218 1146 258 ποιμνίων
1167 218 1312 258 ἀναίρεσις,
1329 219 1344 248 ὁ
1366 218 1450 257 βίαιος
1459 215 1508 245 καὶ
1521 214 1604 255 ἄωρος
1618 216 1671 244 τῶν
1683 214 1786 244 παίδων

222 272 303 306 mus)
324 267 391 307 quid
412 274 500 297 autem
519 266 627 297 vincula
640 266 654 295 ἶ)
674 264 741 305 quid
759 265 877 295 catenae?
899 262 967 302 quid
982 267 1002 291 D
1018 263 1143 300 θάνατος,
1157 266 1175 301 ἢ
1190 263 1280 304 πληγὴ
1295 266 1342 293 τοῦ
1356 263 1494 302 σώματος,
1506 262 1534 291 αἱ
1545 260 1631 301 πηγαὶ
1645 261 1698 293 τῶν
1712 271 1787 290 σκω-

222 314 380 344 calumnia?
393 313 460 353 quid
480 313 606 342 insidiae?
618 311 685 352 quid
706 311 734 341 in
753 311 839 341 aliena
850 308 967 350 'regione

222 361 396 391 commoratio
407 360 421 389 Ξ)
448 359 524 397 Quid
557 359 659 389 Jobum
689 357 758 388 laesit
784 363 966 387 armentorum

226 417 258 439 ac
276 417 388 446 gregum
408 405 542 439 interitus,
557 405 674 434 vioienta
693 410 719 433 et
738 403 880 432 immatura
894 412 967 432 mors

223 453 381 490 liberorum,
405 452 484 492 plaga
503 451 623 491 corporis
633 473 640 487 ‚
657 449 790 479 vermium
803 444 901 485 fontes,
915 447 967 478 do—

223 500 266 530 lor
287 498 474 534 intolerabilis,
495 498 524 527 in
537 497 603 528 fimo
620 496 713 533 sessio,
734 495 828 527 uxoris
847 495 966 530 insidiae,

224 543 373 575 amicorum
386 543 543 583 opprobria,
555 541 720 571 famulorum
731 539 873 570 convicia?
892 538 968 576 Quid

224 600 290 620 vero
304 591 405 620 Lazaro
418 589 520 625 nocuit,
535 587 609 627 quod
627 587 655 619 in
668 586 805 619 vestibulo
823 585 926 625 jaceret
944 592 971 614 et

225 647 322 667 canum
335 635 437 675 linguis
453 633 623 674 lingeretur?
639 632 706 672 quid
719 632 832 662 laedehat
844 631 970 661 continua

225 681 408 721 fames?quid
431 681 526 710 divitis
543 685 702 715 oontemtus,
722 678 846 714 vulnera,
871 677 968 706 intole-

226 728 328 759 randus
339 728 451 758 morbus
459 727 473 756 ἓ
492 725 560 765 quid
577 724 652 764 quod
664 724 784 754 desertus
797 724 833 753 ab
845 722 972 753 omnibus

227 781 295 805 esset
307 774 355 813 qui
365 775 462 814 juvare
475 778 593 813 possent,
615 770 688 810 quod
705 771 740 800 ab
760 770 805 807 iis,
826 769 875 809 qui
888 769 971 798 auxi-

229 819 290 850 liari
304 826 421 859 possent,
437 816 670 849 contemneretur?
682 815 758 853 Quid
773 816 858 847 Paulo
874 825 972 845 nocue-
986 819 1005 843 E

228 872 292 896 runt
311 865 360 896 illa
382 865 517 894 malorum
530 863 665 900 examina,
684 873 813 900 carceres,
832 862 974 892 abductio-

229 922 286 949 nes,
300 917 411 947 mortes,-
424 909 622 939 submersiones
634 919 666 938 ac
678 908 790 947 reliqua
802 907 971 943 afflictiones,

229 967 296 996 quas
306 966 384 986 nemo
394 955 492 996 poterit
501 955 620 986 oratione
629 952 795 983 numerando
805 953 974 993 percensere?

230 1006 294 1036 Haec
302 1003 391 1033 omnia
402 1001 611 1038 considerantes,
621 999 753 1029 malitiam
763 999 910 1039 fugiamus,
921 1000 976 1029 vir—

231 1057 316 1080 tutem
329 1055 478 1086 sectemur;
489 1054 516 1078 et
527 1057 645 1081 oremus,
659 1056 694 1075 ne
704 1046 733 1075 in
746 1045 917 1075 tentationem
931 1046 976 1075 in-

232 1105 332 1127 tremus
345 1109 352 1125 :
367 1095 440 1135 quod
453 1095 476 1125 si
490 1094 599 1134 quando
609 1093 795 1131 inciderimus,
809 1103 843 1123 ne
856 1103 926 1133 aegre
939 1093 978 1123 fe-

232 1155 335 1181 ramus,
343 1154 410 1178 neve
429 1143 619 1183 indignemur:
639 1140 773 1181 siquidem
785 1151 859 1170 arma
870 1141 979 1171 virtutis

232 1191 290 1222 haee
300 1196 363 1220 sunt
373 1190 418 1228 iis,
433 1189 482 1228 qui
501 1195 529 1218 ut
542 1195 646 1228 oportet
658 1187 702 1218 usi
720 1187 829 1224 fuerint,
842 1194 868 1217 et
879 1187 978 1217 honum

232 1237 355 1268 omnium
369 1246 450 1276 opera
464 1234 645 1264 celebritatem
656 1234 734 1263 nobis
746 1233 894 1274 poterimus
906 1244 979 1263 eom-

233 1294 339 1324 parare,
352 1283 376 1312 si
384 1282 482 1322 vigiles
491 1288 518 1312 et
526 1281 619 1313 attenti
630 1280 772 1318 fuerimus,
784 1290 815 1309 ac
827 1280 906 1310 bonis
919 1291 978 1321 per-

233 1329 289 1360 frui
308 1327 477 1369 sempiternis
490 1339 497 1356 =
521 1337 581 1366 quae
602 1325 680 1356 nobis
701 1325 803 1357 utinam
825 1326 980 1366 contingant

234 1375 384 1412 universis,
405 1374 433 1404 in
454 1373 565 1403 Christo
585 1374 652 1403 Jesu
670 1372 788 1402 Domino
808 1379 911 1410 nostro,
933 1373 979 1402 cui

235 1421 322 1461 gloria
332 1422 359 1453 in
373 1420 470 1451 saecula
481 1419 766 1449 seculorum.1Amen.

1018 310 1117 347 λήκων,
1136 313 1153 347 ἡ
1175 310 1252 347 ὀδύνη
1266 313 1283 346 ἡ
1304 309 1499 350 ἀκαρτέρητος,
1512 309 1530 343 ἡ
1544 307 1588 336 ἐπὶ
1607 308 1655 343 τῆς
1678 306 1788 346 κοπρίας

1018 356 1148 397 καθέδρα,
1171 359 1189 392 ἡ
1204 356 1339 392 ’ἓπιὸουλὴ
1354 358 1402 392 τῆς
1423 353 1558 395 γυναικὸς,
1580 353 1614 382 τὰ
1635 352 1722 388 ὀνείδη
1735 354 1788 382 τῶν

1019 403 1110 442 φίλων,
1124 404 1152 432 αἱ
1164 402 1291 443 λοιδορίαι
1310 404 1363 431 τῶν
1377 402 1504 436 οἰκετῶν;
1519 398 1557 429 Τί
1569 398 1597 429 δὲ
1610 397 1654 428 τὸν
1668 397 1788 438 Λάζαρον

1018 449 1048 478 τὸ
1060 450 1085 478 ἐν
1098 451 1137 490 τῷ
1151 450 1252 487 πυλῶνι
1265 450 1380 484 κεῖσθαι,
1393 446 1438 476 καὶ
1454 450 1512 485 ταῖς
1525 443 1659 485 γλώσσαις
1677 445 1730 474 τῶν
1743 455 1789 473 κυ-

1018 497 1070 524 νῶν
1083 489 1296 536 περιλείχεσθαι,
1318 492 1364 523 καὶ
1381 495 1396 522 ὁ
1413 491 1491 532 λιμὸς
1510 494 1524 522 ὁ
1546 489 1683 527 διηνεκὴς,
1706 488 1752 520 καὶ
1771 491 1789 524 ἡ

1019 540 1149 581 ὑπεροψία
1168 542 1214 570 τοῦ
1234 539 1374 575 πλουσίω,
1389 538 1444 569 ’καὶ
1465 539 1499 568 τὰ
1522 537 1682 578 τραύματα,
1702 535 1749 566 καὶ
1771 537 1789 570 ἡ

1020 585 1094 619 νόσος
1106 588 1123 622 ἡ
1137 584 1282 626 ἀφόρητος,
1305 584 1350 614 καὶ
1363 585 1381 623 ἡ
1395 583 1493 623 ἐρημία
1507 584 1560 613 τῶν
1574 579 1790 623 προϊσταμίνων,
1847 590 1850 593 ·

1020 632 1066 661 καὶ
1079 634 1095 667 ἡ
1109 630 1240 671 ὑπεροψία
1254 631 1306 660 τῶν
1329 628 1506 669 βοηθούντων;
1520 629 1557 660 Τί
1579 627 1607 658 δὲ
1625 627 1670 657 τὸν
1684 627 1792 656 Παῦλον

1021 680 1047 707 αἱ
1060 678 1165 719 νιφάδες
1177 677 1282 708 ἐκείνων
1295 677 1349 706 τῶν
1361 675 1557 715 δεσμιντηρίων,
1567 676 1620 704 τῶν
1633 674 1793 713 «ἐπαγωγῶν,

1020 727 1074 754 τῶν
1087 724 1216 759 θανάτων,
1233 724 1286 752 τῶν
1299 723 1532 762 καταποντισμόν,
1544 722 1597 750 τῶν
1610 721 1710 750 λοιπῶν
1731 731 1794 750 πιι-

1024 772 1132 811 ρασμῶν
1143 791 1152 805 ,
1178 769 1209 803 ἃς
1236 769 1294 799 οὐδὲ
1320 768 1392 809 λόγῳ
1420 767 1594 808 ἐξαριθμῆσαι
1617 765 1674 803 &vu
1700 766 1796 796 Ταῦτα

1023 817 1128 846 ἅπαντα
1149 815 1385 856 ἀναλογισάμενοι,
1406 814 1502 844 κακίαν
1522 812 1661 854 φεύγωμεν
1670 833 1678 847 ,
1699 810 1795 853 ἀρετὴν

1024 863 1160 902 διώκωμεν
1172 875 1179 881 ·
1192 862 1238 892 καὶ
1258 861 1399 903 εὐχώμεθα
1418 860 1466 900 μὲν
1486 859 1524 899 μὴ
1545 859 1669 889 εἰσελθεῖν
1688 859 1725 892 εἰς
1737 869 1796 888 πει-

1025 909 1141 950 ρασμόν·
1162 910 1185 939 εἰ
1204 908 1232 938 δέ
1253 920 1319 938 ποτε
1334 906 1494 947 ἐμπέσωμεν
1504 928 1512 942 ,
1524 905 1562 946 μὴ
1577 905 1714 943 ἀλύωμεν,
1729 902 1797 943 μηδὲ

1025 955 1238 995 δυσχεραίνωμεν
1247 966 1255 973 ·
1269 953 1375 993 καὶγὰρ
1389 953 1459 983 ὅπλα
1470 952 1526 982 ἐστὶ
1539 954 1624 981 ταῦτα
1638 951 1733 990 ἀρετῆς
1743 953 1798 982 τοῖς

1016 1003 1061 1043 ,εἰς
1076 1001 1133 1030 δέον
1153 1000 1300 1041 χριομένοις
1309 1022 1317 1036 ,
1331 999 1377 1029 καὶ
1391 998 1555 1037 δυνησόμεθα
1570 996 1614 1027 διὰ
1629 996 1737 1026 πάντων
1752 996 1797 1025 εὗ-

1027 1047 1153 1085 δοκιμεῐν,
1167 1046 1212 1075 ἐὰν
1221 1045 1357 1085 νήφωμεν,
1368 1044 1413 1074 καὶ
1425 1046 1478 1074 τῶν
1493 1043 1603 1073 αἰωνίων
1615 1043 1720 1082 ἀγαθῶν
1731 1042 1798 1071 ἇπο-

1027 1094 1137 1122 λαῢσαι·
1157 1087 1195 1121 ὧν
1210 1091 1311 1131 γένοιτο
1335 1090 1436 1124 πάντας
1451 1092 1524 1128 ἡμᾶς
1537 1090 1672 1129 ἐπιτυχεῖν
1687 1088 1714 1117 ἐν
1727 1088 1798 1127 Χρι-

1028 1141 1084 1179 στῷ
1096 1139 1185 1175 Ἰησοῦ
1197 1140 1235 1177 τῷ
1245 1137 1336 1178 Κυρίῳ
1350 1137 1437 1176 ἡμῶν,
1449 1132 1497 1176 ᾧὴ
1508 1134 1569 1170 δόξα
1580 1135 1617 1168 εἰς
1630 1132 1690 1168 τοὺς
1703 1134 1800 1174 αἰῶνας

1029 1186 1081 1215 τῶν
1098 1184 1208 1215 αἰώνων.
1224 1183 1317 1223 Ἀμήν.

816 1635 1232 1701 MONITUM

508 1787 572 1824 ΑΙ)
598 1786 841 1823 HOMILIAM
867 1786 918 1822 IN
943 1785 1107 1822 LOCUM
1132 1760 1281 1823 iLLUM
1305 1786 1537 1830 JEREMIAE,

477 1903 499 1951 j
535 1911 725 1948 DOMINE,
747 1911 842 1941 NON
860 1910 940 1940 EST
955 1910 1006 1940 m
1024 1910 1196 1940 nomme
1218 1910 1297 1940 VIA
1316 1910 1429 1947 ems,
1451 1920 1514 1940 m.

281 2028 451 2059 Testificatur
466 2026 586 2057 Savilius
605 2036 633 2056 se
646 2025 772 2057 incidisse
783 2026 809 2055 in
821 2025 966 2065 quamdam
978 2024 1226 2066 Interpretationem
1237 2025 1294 2055 sive
1305 2025 1509 2067 Expositionem
1521 2026 1708 2070 Chrysostomi
1722 2027 1751 2059 in
1764 2029 1810 2060 Je-

242 2075 352 2106 remiam
365 2073 534 2113 prophetam.
550 2074 611 2110 Qua
622 2072 656 2102 de
669 2083 699 2102 rc
712 2072 762 2102 hoc
777 2072 824 2101 ille
842 2072 974 2102 monitum
992 2071 1066 2102 dedit
1083 2072 1110 2102 in
1129 2072 1182 2102 fine
1195 2079 1319 2102 notarum
1332 2072 1360 2101 in
1374 2072 1450 2102 Isaiae
1465 2072 1551 2113 capita
1564 2080 1634 2111 octo,
1650 2084 1714 2117 pag.
1731 2076 1788 2106 156
1801 2088 1807 2105 :

285 2134 300 2149 α
315 2122 415 2151 Praeter
424 2120 504 2150 hosce
519 2119 546 2148 in
559 2119 643 2149 libros
654 2120 762 2150 Veteris
772 2119 936 2149 Testamenti
947 2118 1159 2149 Commentarios
1169 2125 1256 2148 exstat
1265 2118 1366 2158 passim
1376 2119 1404 2148 iu
1416 2118 1592 2150 Bibliothecis
1604 2120 1699 2150 Graece
1709 2131 1809 2152 manu-

242 2168 341 2208 scripta
361 2166 486 2207 ἑρμηνεία
500 2168 537 2199 εἷς
550 2166 594 2196 τὸν
608 2166 747 2207 προφήτην
763 2165 906 2206 Ἱερεμίαν,
919 2166 1110 2206 Chrysostorno
1129 2165 1263 2206 adscripta
1277 2177 1284 2193 ι
1305 2160 1385 2205 cujus
1398 2165 1584 2207 apographum
1597 2177 1631 2198 ex
1645 2167 1814 2199 Bibliotheca

243 2214 370 2246 Bavarica
384 2213 552 2253 descriptum
566 2213 594 2242 in
607 2213 733 2242 munibus
753 2212 894 2250 habemus,
914 2223 948 2241 ne
966 2213 1026 2242 luce
1039 2212 1161 2252 quidem,
1174 2212 1273 2242 nedum
1294 2218 1368 2244 tanto
1381 2219 1489 2243 auctore
1502 2212 1617 2253 dignum
1630 2215 1792 2254 opusculum
1802 2238 1811 2253 ‚

245 2261 290 2291 sed
300 2271 385 2300 nugas
398 2270 484 2289 meras
494 2267 519 2288 et
533 2259 705 2298 quisquilias.
719 2260 759 2289 Ne
770 2258 831 2298 quis
845 2265 931 2288 tamen
944 2259 972 2288 in
986 2270 1029 2288 cas
1042 2258 1173 2296 incidens,
1188 2257 1294 2299 aliquid
1307 2269 1335 2289 se
1346 2269 1485 2299 magnum,
1505 2265 1553 2288 aut
1566 2258 1643 2288 uobis
1657 2269 1710 2290 non
1724 2260 1815 2293 visunt

245 2307 374 2349 reperisse
384 2313 471 2347 putet,
483 2316 543 2335 ecce
554 2306 605 2334 tibi
617 2306 700 2345 hujus
710 2305 845 2346 praeclarae
858 2305 1045 2345 Expositionis
1059 2306 1168 2336 initium
1181 2317 1189 2335 z

286 2354 341 2384 Τὺν
357 2353 403 2392 μὲν
423 2351 534 2392 χρόνον,
553 2354 612 2381 καθ’
628 2352 656 2381 ὃν
676 2352 854 2392 προεφήτευεν
868 2355 882 2381 ὁ
896 2352 1025 2392 μακάριος
1045 2352 1193 2392 Ἱερεμίας,
1213 2351 1259 2383 καὶ
1274 2351 1326 2383 ἀπὸ
1349 2351 1426 2382 ποίου
1449 2351 1579 2391 βασιλέως
1592 2352 1702 2394 ἤρξατο,
1716 2352 1762 2383 καὶ
1776 2355 1813 2387 εἷς

246 2406 320 2431 ποῖον
334 2399 510 2441 προφητεύειν
525 2399 660 2439 (fortassis
674 2399 833 2436 ἐπαύσατο),
845 2399 962 2429 ἐντεῦθέν
976 2401 1033 2429 ἐστι
1048 2403 1148 2439 μαθεῖν.
1163 2400 1258 2431 ssew
1274 2397 1302 2430 δὲ
1313 2398 1475 2439 προφητείαν
1487 2398 1556 2429 κατὰ
1567 2401 1620 2429 τῶν
1638 2398 1684 2428 δύο
1698 2403 1813 2429 ποιεῖται

247 2450 351 2488 φυλῶν,
366 2447 417 2483 ἤδη
430 2447 483 2475 τῶν
498 2446 562 2476 δέκα
576 2445 753 2485 αἰχμαλώτων
768 2445 914 2485 γενομένων
934 2446 986 2475 ὑπὸ
1000 2448 1046 2475 τοῦ
1060 2445 1206 2486 Ἀσσυρίου.
1226 2444 1358 2482 Ποικίλην
1372 2444 1400 2474 δέ
1413 2456 1473 2475 τινα
1493 2445 1541 2481 τὴν
1561 2444 1723 2486 προφητείαν
1742 2445 1813 2474 ἐστὶν

247 2495 320 2523 ἰδεῖν.
336 2494 424 2522 Τοῦτο
439 2491 486 2531 μὲν
499 2492 551 2531 γὰρ
566 2491 618 2520 ἀπὸ
637 2493 690 2520 τῶν
705 2493 827 2521 παλαιῶν
846 2491 1069 2531 παραδειγμάτων
1089 2493 1169 2522 αὐτοῦ
1183 2492 1318 2530 (fortassis
1339 2491 1448 2530 αὐτοὺς)
1465 2491 1584 2531 ἐλέγχει,
1601 2493 1637 2524 ὥς
1658 2491 1719 2521 ὅταν
1734 2491 1812 2531 λέγῃ,

163 2553 185 2568 2-
198 2545 237 2570 23.
249 2540 317 2571 Ἰδοὺ
331 2540 377 2573 τὰς
391 2539 464 2572 ὁδούς
476 2551 522 2569 σου
536 2540 563 2568 ἐν
575 2539 614 2578 τῷ
626 2539 801 2578 πολυανδρίῳ,
816 2539 859 2567 καὶ
875 2539 907 2567 τὰ
920 2539 986 2573 ἑξῆς,
1002 2553 1014 2565 »ι
