1890 2826
645 194 678 217 ΙΝ
707 192 867 217 NATALEM
893 191 1022 215 CHRISTI
1049 192 1145 216 num.

111 260 198 299 παρῆν
213 257 240 287 δὲ
261 257 307 287 καὶ
333 256 432 296 Ἰωσὴφ
458 257 647 295 ὀνομαζόμενος
668 253 768 294 πατήρ.
791 248 877 286 Οὗτος

111 303 176 343 ἀνὴρ
189 303 308 343 λέγεται,
323 302 410 338 ἐκείνη
428 301 493 341 γυνὴ
508 299 746 341 προσαγορεύεται·
760 298 878 337 ὀνόματα

109 349 205 388 ἔννομα
218 348 340 388 συζυγίας
353 349 449 388 ἔρημα.
462 350 472 363 ¹
481 347 571 387 Μέχρι
582 346 706 386 ῥημάτων
716 343 809 381 νόησαί
822 355 877 383 μοι,

110 396 169 424 ἀλλ’
191 397 220 425 οὗ
245 395 326 435 μέχρι
350 394 522 434 πραγμάτων.
538 393 626 423 Μόνον
637 388 711 425 οὗτος
730 389 877 430 ἐμνηστεύ-

110 452 189 477 σατο,
213 441 258 470 καὶ
283 442 395 479 Πνεῦμα
422 439 495 479 ἅγιον
520 441 586 479 αὐτῇ
615 438 781 468 ἐπεσκίασεν.
798 436 878 466 Ὅθεν

110 488 216 527 ἀπορῶν
230 489 244 516 6
256 487 355 527 Ἰωσὴφ
368 488 416 516 οὔκ
427 486 485 526 ᾔδει
499 486 525 515 τί
538 486 646 515 καλέσει
665 484 696 513 τὸ
711 483 815 524 βρέφος.
829 482 880 512 Ἐκ

112 533 230 574 μοιχείας
246 533 323 567 αὖτὸς
345 534 428 562 εἰπεῖν
455 533 503 562 οὐκ
518 531 633 571 ἐτόλμα,
648 530 717 560 κατὰ
739 531 786 565 τῆς
805 540 878 569 παρ-

111 578 184 608 θένου
205 578 363 619 βλάσφημον
390 578 531 618 καταχέειν
559 577 637 617 λόγον
668 578 715 606 οὔκ
749 574 879 612 ἠδύνατο,

111 624 201 654 τέκνον
215 624 279 654 αὐτὸ
292 626 374 654 εἰπεῖν
391 625 455 654 ἴδιον
469 626 517 654 οὔκ
529 623 667 664 ἠνείχετο·
682 622 741 662 ᾔδει
763 621 815 662 γὰρ
828 633 880 650 κα-

111 671 179 707 λῶς,
191 669 232 699 ὅτι
255 671 302 700 οὐκ
328 671 395 710 ἔγνω
410 671 467 704 πῶς
488 669 505 706 ἢ
524 670 602 699 πόθεν
616 669 711 709 ἐτέχθη
725 668 755 697 τὸ
770 667 863 707 βρέφος
875 678 881 685 ·

111 714 169 744 ὅθεν
183 716 324 755 ἀποροῦντι
338 717 409 755 αὐτῷ
423 715 488 755 πρὸς
502 715 532 745 τὸ
541 720 654 756 πρᾶγμα
667 713 788 754 χρησμὸς
801 715 881 753 οὖρα-

111 760 185 790 νόθεν
199 761 242 790 διὰ
255 764 303 798 τῆς
316 764 361 791 τοῦ
376 763 487 801 ἀγγέλου
502 764 588 801 φωνῆς
606 760 763 801 ἐπεφέρετο,
777 759 818 789 ὅτι
834 758 880 794 Μὴ

113 807 192 846 φοὸοῦ
202 829 210 842 ,
223 808 322 848 Ἰωσήφ
331 819 337 825 ·
353 807 383 837 τὸ
393 807 445 847 γὰρ
454 806 615 846 γεννώμενον
627 807 654 841 ἐξ
667 808 748 841 αὖτῆς
758 807 788 835 ἐκ
800 805 883 835 Πνεύ-

114 852 195 890 ματός
207 854 278 882 ἐστιν
293 853 379 891 ἁγίου.
398 854 509 891 Πνεῦμα
517 853 569 893 γὰρ
589 853 662 892 ἅγιον
676 851 832 881 ἐπεσκίασεν
848 852 882 890 τῇ

112 899 244 940 παρθένῳ.
258 900 310 929 Διὰ
332 900 359 930 τί
372 900 400 930 δὲ
426 901 456 929 ἐκ
480 899 609 940 παρθένου
623 899 756 934 τίκτεται,
773 899 818 928 καὶ
834 898 883 934 τὴν

113 945 254 985 παρθενίαν
277 947 387 986 ἀζήμιον
408 951 498 986 τηρεῖ;
513 945 577 976 “Ort
590 946 674 975 πάλαι
695 944 822 985 παρθένον
837 939 883 973 οἶ-

113 1003 162 1020 σαν
174 991 222 1027 τὴν
238 992 308 1022 Εὔαν
318 992 455 1029 ἠπάτησεν
468 995 482 1022 6
497 992 630 1028 διάὸολος,
641 990 683 1021 διὰ
697 994 775 1020 τοῦτο
783 990 883 1030 παρθέ-

114 1049 157 1066 νον
168 1033 248 1067 οῧσαν
261 1038 310 1074 τὴν
321 1038 433 1079 Μαριὰμ
447 1041 461 1067 6
474 1038 595 1078 Γαὸριὴλ
605 1037 804 1077 εὐηγγελίσατο.
813 1037 883 1065 Ἀλλ’

115 1086 281 1120 ἄπατηθεῖσα
304 1084 351 1122 μὲν
372 1087 389 1120 ἡ
412 1084 469 1114 Εὔα
484 1086 557 1124 ῥ’ῆμα
570 1083 644 1113 ἔτεκε
657 1083 768 1112 θανάτου
785 1082 882 1111 αἴτιον·

115 1130 329 1168 εὖαγγελισθεῖσα
343 1129 370 1159 δὲ
384 1132 401 1165 ἡ
413 1129 505 1169 Μαρία
518 1129 603 1168 Λόγον
615 1130 642 1157 ἐν
652 1128 731 1169 σαρκὶ
743 1129 866 1168 ἐγέννησε
874 1149 882 1163 ,

116 1176 184 1210 ζωῆς
206 1175 310 1204 αἰωνίου
332 1178 397 1214 ἡμῖν
419 1175 554 1216 πρόξενον.
570 1175 613 1205 ,Τὸ
640 1177 714 1215 ῥῆμα
738 1177 786 1210 τῆς
812 1174 883 1206 Εὔας

117 1221 190 1256 ξύλον
212 1221 306 1257 ἔδειξε,
327 1222 360 1250 δι’
383 1217 413 1251 οὗ
432 1223 476 1251 τὸν
498 1221 581 1261 Ἀδὰμ
594 1223 624 1251 ἐκ
645 1224 690 1251 τοῦ
704 1220 881 1260 Ι’παραδείσου

117 1266 225 1305 ἐξέωσεν
234 1279 241 1286 ·
255 1270 269 1297 6
282 1266 366 1306 Λόγος
380 1267 407 1296 δὲ
429 1269 443 1296 6
462 1268 492 1296 ἐκ
506 1270 553 1303 τῆς
566 1266 695 1308 παρθένου
707 1267 751 1296 τὸν
770 1265 882 1306 σταυρὸν

116 1313 211 1349 ἔδειξε,
225 1315 258 1343 δι’
270 1309 300 1343 οὗ
314 1314 357 1344 τὸν
370 1314 471 1354 λῃστὴν
486 1316 521 1347 εἰς
533 1314 674 1353 πρόσωπον
688 1317 734 1342 τοῦ
749 1312 832 1351 Ἀδὰμ
845 1314 882 1346 εἷς

115 1359 159 1388 τὸν
182 1359 340 1399 παράδεισον
365 1360 514 1399 εἰσήγαγεν.
540 1359 652 1396 Ἐπειδὴ
677 1359 728 1399 γὰρ
752 1360 799 1388 οὐκ
825 1359 883 1388 ἐπί-

116 1417 206 1435 στευον
217 1406 360 1442 Ἕλληνες,
371 1407 419 1435 οὐκ
433 1406 571 1441 Ἰουδαῖοι,
586 1406 637 1446 οὐχ
659 1407 798 1445 αἱρετικῶν
816 1409 882 1435 παῖ-

117 1452 168 1487 δες,
184 1451 224 1481 ὅτι
236 1454 250 1481 ὁ
263 1451 332 1485 Θεὸς
348 1451 498 1491 ἀῤῥεύστως
514 1451 559 1481 καὶ
571 1452 677 1484 ἀπαθῶς
687 1450 822 1490 ἐγέννησε,
838 1450 882 1480 διὰ

116 1501 193 1527 τοῦτο
207 1497 322 1537 σήμερον
337 1499 368 1527 ἐκ
380 1501 499 1533 παθητοῦ
511 1497 633 1536 σώματος
646 1496 796 1537 προελθὼν,
811 1498 880 1526 ἀπα-

117 1545 158 1578 θὲς
180 1545 210 1574 τὸ
223 1545 339 1580 παθητὸν
355 1543 494 1584 διετήρησε
509 1545 602 1582 σῶμα,
616 1542 660 1572 ἵνα
674 1543 759 1581 δείξῃ,
770 1544 811 1572 ὅτι
827 1543 881 1572 ὥσ-

117 1602 166 1630 περ
178 1591 209 1620 ἐκ
224 1593 271 1626 τῆς
285 1589 412 1629 παρθένου
426 1590 528 1629 τεχθεὶς
542 1589 589 1625 τὴν
603 1589 744 1629 παρθενίαν
756 1591 804 1619 οὐκ
822 1589 883 1619 ἔλυ-

118 1648 171 1672 σεν,
192 1636 260 1665 οὕτω
285 1636 330 1665 καὶ
354 1638 368 1664 6
386 1635 454 1669 Θεὸς
475 1635 619 1675 ἀῤῥεύστου
638 1635 682 1664 καὶ
704 1635 882 1665 ἀναλλοιώτου

117 1682 244 1721 μενούσης
255 1684 302 1717 τῆς
312 1682 388 1725 ἁγίας
403 1680 506 1716 οὐσίας,
520 1682 555 1714 ὡς
569 1681 636 1714 Θεὸς
650 1681 718 1711 Θεὸν
733 1683 884 1721 θεοπρεπῶς

116 1728 261 1768 ἐγέννησεν.
278 1727 388 1763 Ἐπειδὴ
410 1727 461 1767 γὰρ
485 1726 674 1760 καταλιπόντες
696 1727 774 1756 αὐτὸν
797 1729 821 1757 οἱ
835 1728 883 1756 ἄν-

117 1777 216 1815 θρωποι
237 1773 446 1814 ἀνθρωπόμορφα
469 1772 578 1812 ἔγλυφον
602 1772 694 1809 ξόανα,
707 1769 744 1806 οἷς
757 1773 802 1802 καὶ
819 1773 884 1802 ἐλά-

1604 178 1673 228 467

930 252 1017 288 vitur,
1030 259 1056 281 et
1072 253 1099 282 in
1120 252 1231 293 praesepi
1246 253 1316 293 jacet
1330 265 1338 282 ι
1354 252 1428 282 adest
1443 258 1532 282 autem
1546 258 1572 282 ct
1586 251 1676 282 Maria

931 307 993 336 quae
1008 298 1085 338 virgo
1096 306 1121 328 et
1138 305 1220 328 mater
1233 306 1271 329 est
1287 312 1293 328 :
1310 299 1401 328 aderat
1415 305 1504 327 autem
1518 305 1542 327 ct
1561 298 1673 338 Joseph,

931 343 979 382 qui
989 350 1065 383 pater
1078 345 1241 384 appellatur.
1254 345 1304 375 Hic
1317 345 1360 374 vir
1368 344 1478 381 dicitur,
1489 344 1535 372 illa
1548 354 1618 372 uxor
1625 354 1675 373 vo-

931 397 1007 419 catur
1023 403 1029 418 :
1046 390 1165 430 legitima
1186 399 1248 421 sunt
1274 391 1381 421 nomina
1402 390 1573 430 copulatione
1591 389 1675 418 desti—

931 443 1000 466 tuta.
1019 438 1174 467 Verborum
1201 445 1277 467 tenus
1299 438 1357 467 haec
1377 437 1446 467 mihi
1470 436 1601 475 intellige,
1623 446 1676 464 non

931 494 1023 512 rerum
1042 490 1130 513 tenus.
1142 484 1193 514 Hic
1213 485 1302 513 solum
1320 483 1504 523 desponsavit,
1519 489 1544 511 et
1559 481 1676 521 Spiritus

933 536 1039 559 sanctus
1062 530 1235 559 obumbravit
1259 530 1282 560 ei
1298 541 1304 557 :
1320 530 1391 559 unde
1412 528 1539 558 dubitans
1562 528 1675 568 Joscph,

898 586 917 610 c
933 575 1001 615 quid
1016 576 1165 616 appellaret
1184 577 1309 605 infantem
1326 576 1466 605 nesciebat.
1481 576 1523 604 Ex
1543 574 1677 604 adulterio

933 629 1025 651 natum
1040 622 1128 652 dicere
1144 623 1235 663 ipsum
1253 632 1306 651 non
1325 621 1451 656 audebat,
1465 621 1627 661 probrosum
1650 621 1678 650 in

932 668 1065 708 virginem
1081 669 1171 708 jacere
1200 678 1348 698 sermonem
1372 677 1424 696 non
1453 673 1567 706 poterat,
1589 666 1679 695 filium

933 715 1022 755 ipsum
1049 714 1138 743 dicere
1159 725 1238 744 suum
1270 714 1418 754 refugiebat
1434 724 1440 740 :
1458 713 1542 752 probe
1565 722 1679 750 namque

933 762 1033 791 sciebat
1046 762 1098 791 sibi
1110 762 1231 801 ignotum
1244 771 1311 797 esse,
1327 771 1380 799 quo
1390 765 1478 799 pacm,
1489 759 1533 788 vel
1546 758 1618 787 unde
1632 758 1679 786 in-

932 808 992 836 fans
1005 814 1082 836 natus
1095 814 1163 836 esset
1176 818 1183 835 :
1196 817 1277 846 quam
1290 806 1325 835 ob
1338 816 1445 835 causam
1459 805 1501 834 illi
1512 804 1546 833 de
1560 815 1588 833 re
1601 803 1678 833 dubi-

933 853 1018 888 tanti,
1039 853 1074 882 de
1095 854 1160 882 caelo
1189 852 1331 882 oraculum
1358 851 1446 891 angeli
1469 861 1534 880 voce
1557 850 1678 880 delatum

934 907 989 929 est:
1002 901 1075 929 Noli
1084 902 1195 934 timere,
1208 900 1332 938 Ioseph:
1341 899 1420 938 quod
1433 899 1510 927 enim
1524 908 1560 926 ex
1580 908 1615 926 ea
1628 908 1676 937 ge·
1689 910 1773 931 Mnuh.
1792 916 1810 931 1,

936 947 1028 975 nitum
1042 952 1094 981 est,
1109 948 1145 975 de
1155 946 1264 985 Spiritu
1287 951 1388 975 sancto
1406 952 1456 973 est.
1470 943 1589 984 Spiritus
1607 943 1678 972 enim
1688 947 1726 963 2⁰·

936 998 1043 1021 sanctus
1063 992 1163 1032 virgini
1181 990 1363 1020 obumbravit.
1381 991 1472 1027 Quare
1489 1000 1553 1019 vero
1571 1000 1605 1018 ex
1618 988 1678 1019 vir—

902 1048 920 1070 n
937 1038 997 1077 gine
1017 1038 1146 1074 nascitur,
1174 1045 1201 1067 et
1221 1037 1403 1077 virginitatem
1423 1036 1554 1065 illibatam
1573 1035 1679 1065 servat?

936 1085 1007 1121 Quia
1032 1084 1168 1124 quondam
1187 1084 1320 1124 virginem
1337 1084 1423 1113 Evam
1449 1082 1555 1122 decepit
1582 1081 1678 1111 diabo-

936 1131 990 1166 lus,
1002 1131 1103 1161 idcirco
1117 1131 1152 1160 ad
1166 1130 1290 1165 Mariam,
1305 1141 1364 1168 qum
1387 1130 1464 1169 virgo
1484 1136 1557 1165 erat,
1573 1128 1679 1158 felicem

937 1178 1060 1207 nuntium
1086 1177 1199 1207 Gabriel
1220 1176 1329 1206 detulit.
1360 1176 1414 1206 Sed
1441 1175 1549 1215 decepta
1569 1174 1680 1214 quidem

936 1224 994 1253 Eva
1025 1223 1129 1263 peperit
1158 1222 1288 1257 verbum,
1317 1221 1390 1260 quod
1413 1228 1525 1250 mortem
1552 1220 1645 1250 intulit
1669 1233 1675 1249 :

935 1278 961 1300 at
986 1270 1092 1300 felicem
1118 1271 1243 1299 nuntium
1280 1269 1413 1309 ac01piens
1438 1269 1525 1298 Maria
1553 1268 1678 1298 Verbum

935 1318 961 1346 in
983 1327 1060 1346 carne
1079 1316 1182 1355 genuit,
1195 1313 1270 1354 quod
1282 1315 1367 1344 vitam
1390 1315 1467 1343 nobis
1477 1321 1602 1343 aeternam
1615 1323 1678 1342 con-

933 1363 956 1392 ci
961 1363 1018 1392 liat.
1028 1362 1153 1393 Verbum
1162 1362 1226 1391 Evae
1235 1361 1340 1401 lignum
1352 1360 1492 1395 indicavit,
1502 1370 1549 1400 per
1563 1359 1636 1399 quod
1645 1359 1679 1388 li-

934 1419 1016 1449 gnum
1024 1419 1039 1438 e
1048 1407 1172 1448 paradiso
1181 1406 1314 1436 Adamum
1326 1407 1433 1447 expulit
1441 1418 1448 1435 ι
1456 1406 1581 1436 Verbum
1589 1412 1678 1434 autem

934 1455 1007 1494 quod
1013 1455 1165 1494 exVirginc
1174 1453 1285 1494 prodiit,
1292 1465 1398 1483 crucem
1406 1452 1540 1489 exhibuit,
1550 1462 1598 1492 per
1605 1451 1678 1490 quod

900 1512 919 1535 E
935 1502 1064 1531 latronem
1081 1501 1144 1530 'vice
1164 1501 1260 1530 Adami
1283 1500 1310 1528 in
1335 1499 1490 1542 paradisum
1510 1498 1676 1527 introduxit.

935 1549 1005 1578 Nam
1013 1547 1139 1586 quoniam
1150 1558 1235 1586 neque
1242 1546 1364 1587 gentiles,
1377 1556 1462 1585 neque
1478 1546 1495 1575 J
1499 1544 1580 1582 udaei,
1591 1555 1676 1583 neque

934 1594 1051 1624 haeretici
1061 1594 1203 1623 credebant
1214 1595 1303 1623 Deum
1315 1594 1374 1622 sine
1384 1593 1506 1632 passione
1524 1603 1554 1621 ac
1565 1591 1678 1621 defluxu

935 1641 1068 1681 genuisse,
1081 1647 1219 1680 propterea
1230 1639 1312 1668 hodie
1323 1650 1357 1668 ex
1371 1638 1477 1678 patibili
1492 1648 1604 1678 corpore
1619 1648 1678 1676 pro-

936 1697 1052 1726 gressus,
1073 1685 1224 1725 impatibile
1243 1685 1411 1713 conservavit
1429 1694 1527 1723 corpus
1548 1682 1676 1723 patibile,

935 1739 964 1761 ut
986 1731 1145 1767 ostenderet,
1168 1729 1394 1770 quemadmodum
1415 1741 1449 1759 ex
1470 1729 1577 1769 virgine
1598 1735 1677 1758 natus

935 1778 1118 1818 virginitatem
1143 1787 1195 1806 non
1217 1776 1308 1813 solvit,
1324 1776 1361 1806 ita
1382 1778 1471 1806 Deum
1492 1786 1612 1815 quoque,
1624 1785 1678 1805 non

116 1833 206 1861 τρευον
221 1822 261 1861 ἐφ’
275 1820 348 1860 ὅὸρει
373 1822 419 1848 τοῦ
437 1819 592 1854 κτίσαντος,
605 1819 647 1848 διὰ
669 1821 746 1848 τοῦτο
765 1819 880 1859 σήμερον
894 1825 1044 1861 400dessuxa
1074 1835 1123 1854 nec
1145 1829 1246 1852 mutata
1268 1829 1390 1852 manente
1413 1833 1486 1852 sacra
1518 1820 1677 1857 substantia,

116 1869 130 1895 ὃ
144 1869 189 1896 τοῦ
215 1868 285 1896 Θεοῦ
304 1865 401 1905 Λόγος,
420 1865 491 1898 Θεὸς
508 1864 556 1900 ὧν,
579 1866 606 1894 ἐν
631 1867 718 1905 impe&
745 1865 882 1905 ἀνθρώπου
901 1867 921 1890 A
934 1878 1071 1909 tamquam
1089 1871 1189 1902 Deum,
1210 1875 1291 1909 prout
1311 1870 1368 1898 Deo
1392 1867 1576 1905 conveniebat,
1590 1868 1678 1896 Deum

115 1912 207 1953 ὤφθη,
221 1911 263 1942 ἵνα
278 1911 322 1941 καὶ
341 1910 371 1940 τὸ
384 1912 477 1951 ψεῦδος
494 1910 563 1950 λύσῃ
575 1933 583 1947 ,
597 1910 642 1939 καὶ
655 1911 833 1944 λανθανόντως
847 1913 884 1944 εἷς

116 1959 207 1989 ἑαυτὸν
221 1958 270 1994 τὴν
291 1958 414 1998 λατρείαν
428 1957 615 1997 ἄπενέγκηται.
627 1957 722 1998 Τούτῳ
737 1954 781 1987 οῧν
799 1961 836 1997 τῷ
857 1957 884 1991 ἐξ

116 2006 221 2045 ἀπόρων
235 2005 314 2045 πόρον
326 2004 497 2045 ἐργασαμένῳ
510 2006 618 2044 Χριστῷ
629 2003 705 2038 δόξαν
721 2003 883 2044 ἀναπέμψω-

117 2064 165 2091 μεν
180 2052 226 2081 σὺν
246 2053 284 2091 τῷ
303 2051 390 2091 Πατρὶ
407 2051 451 2080 καὶ
471 2053 509 2091 τῷ
531 2051 598 2090 ἁγίῳ
613 2050 765 2088 Πνεύματι,
780 2053 824 2079 νῦν
839 2049 884 2079 καὶ

117 2098 158 2127 ἀεὶ
167 2120 175 2135 ‚
188 2098 233 2127 καὶ
248 2099 284 2131 εἷς
297 2097 356 2130 τοὺς
370 2099 465 2130 αἰῶνας
478 2099 530 2126 τῶν
545 2096 656 2126 αἰώνων.
675 2096 766 2135 Ἀμήν.

152 2430 162 2443 ⁸
179 2423 240 2456 Reg.
252 2428 322 2458 μέχρι
335 2426 405 2455 λόγων
417 2425 435 2448 οἱ
446 2426 523 2454 γάμοι·
536 2420 588 2447 ἀλλ’
601 2425 625 2447 ο)
635 2433 662 2454 μ..
672 2432 697 2448 π.
709 2420 815 2453 [Deinde
824 2421 869 2446 Sa-

119 2461 162 2487 vil.
176 2470 222 2494 pro
235 2462 318 2491 οὗτοςε
330 2470 383 2487 var.
397 2460 454 2485 lect.
468 2461 493 2484 in
506 2468 585 2493 marg.
599 2463 611 2487 ὸ
622 2459 737 2494 ἄγγελος.]

935 1916 1065 1957 genuisse.
1075 1917 1219 1954 Postquam
1230 1914 1301 1944 euim
1313 1914 1433 1943 homines
1443 1924 1474 1942 eo
1484 1913 1613 1943 derelicto
1625 1919 1679 1942 sta-

935 1969 994 1992 tuas
1012 1962 1066 1991 sibi
1088 1961 1204 1990 humana
1230 1959 1355 2000 praeditas
1376 1960 1478 1989 formas
1499 1959 1677 1999 sculpserant,

936 2008 1036 2047 quibus
1054 2007 1082 2036 in
1104 2006 1237 2037 Creatoris
1250 2005 1439 2035 coutumeliam
1454 2005 1558 2035 cultum
1577 2004 1679 2034 defere-

935 2055 1008 2088 bant,
1021 2060 1159 2094 propterea
1174 2052 1225 2082 Dei
1234 2052 1368 2088 Verbum,
1383 2062 1445 2081 cum
1452 2052 1525 2080 Deus
1539 2057 1616 2087 esset,
1630 2050 1679 2080 ho-

936 2100 981 2129 die
991 2100 1017 2128 in
1028 2098 1144 2128 hominis
1152 2098 1236 2127 forma
1249 2097 1386 2138 apparuit,
1399 2103 1428 2126 ut
1439 2096 1608 2126 mendacium
1621 2095 1677 2124 dis-

936 2146 1064 2182 solveret,
1089 2151 1115 2174 et
1135 2144 1239 2175 occulte
1264 2144 1291 2173 iu
1316 2143 1433 2183 seipsum
1447 2143 1551 2173 cultum
1572 2153 1677 2172 omnem

938 2191 1184 2222 transferrenliuic
1211 2190 1305 2230 igitur,
1335 2189 1382 2229 qui
1409 2200 1451 2219 res
1475 2189 1616 2230 impeditas
1641 2189 1678 2217 ita

938 2237 1057 2268 reddidit
1075 2237 1224 2278 expeditas,
1237 2236 1345 2266 Christo
1357 2236 1472 2266 Domino
1486 2235 1598 2275 gloriam
1613 2235 1678 2263 offe-

902 2311 905 2313 ,
938 2294 1029 2314 ramus
1041 2290 1067 2313 et
1091 2293 1144 2312 una
1159 2282 1232 2313 Patri
1260 2289 1286 2311 et
1309 2281 1425 2322 spiritui
1447 2288 1546 2318 sancto,
1559 2290 1630 2309 nunc
1651 2285 1677 2308 et

938 2340 1053 2370 semper,
1066 2335 1093 2358 et
1105 2329 1132 2358 in
1144 2327 1241 2358 saecula
1256 2327 1427 2357 saeculorum.
1444 2328 1536 2355 Amen.

950 2421 969 2484 ἱ
985 2421 1046 2454 Reg-
1055 2422 1192 2454 παραδείσου
1201 2421 1312 2450 ἆξέδαλεν.
1322 2418 1377 2443 Vox
1387 2420 1476 2447 ἐξίωσιν
1488 2415 1514 2440 in
1524 2423 1568 2440 usu
1575 2414 1619 2440 SS.
1629 2414 1676 2439 Pa-

919 2459 951 2484 tri
970 2468 1007 2484 us.
