1890 2826
119 1128 207 1155 (κως).
217 1127 254 1152 25.

270 166 341 214 598

266 238 301 267 ad
319 237 512 268 debellandum
525 238 652 267 Isi-aetem
665 247 739 277 reges
754 237 972 267 Amorrbaeorum
987 244 1013 267 et
1065 238 1110 267 καὶ
1124 239 1274 279 ἐνεπύρισε·
1291 241 1336 270 καὶ
1358 242 1452 271 ἔπεσον
1466 243 1493 272 ἐν
1508 243 1575 283 αὐτῇ
1591 243 1693 273 δώδεκα
1706 245 1823 284 χιλιάδες
1832 256 1839 263 ·

266 285 478 314 Chananaeorum
491 295 521 314 ac
529 283 637 322 reliqui.
655 283 782 314 AEdificat
794 284 874 314 Jesus
883 284 966 313 altare
979 294 1012 312 ex
1065 284 1111 314 καὶ
1132 285 1176 314 τὸν
1200 286 1312 325 βασιλέα
1334 289 1383 322 τῆς
1403 287 1505 322 πόλεως
1518 289 1668 328 ἐκρέμασαν
1687 290 1731 319 ἐπὶ
1754 290 1840 324 ξύλόυ.

265 330 405 371 lapidibus
422 331 541 370 integris,
560 330 617 359 illic
635 330 875 360 Deuteronomium
893 330 986 359 scribit
1003 343 1010 358 :
1067 330 1247 371 Συνέρχονται
1265 333 1417 372 πολεμῆσαι
1430 333 1475 363 τὸν
1497 334 1607 374 Ἰσραὴλ
1621 337 1645 365 οἱ
1658 337 1774 375 βασιλεῖς
1787 339 1843 366 τῶν

264 376 434 416 dimidiaque
448 388 510 417 pars
521 376 616 417 populi
626 383 678 406 stat
686 386 771 417 prope
783 383 901 406 montem
912 377 1011 413 Gebal,
1066 376 1230 417 Ἀμοῤῥαίων
1243 378 1288 407 καὶ
1303 378 1472 415 Χαναναίων,
1485 380 1532 409 καὶ
1547 382 1572 410 οἱ
1585 382 1681 412 λοιποί.
1695 383 1841 422 Οἰκοδομεῖ

264 423 382 453 dimidia
398 430 488 453 autem
509 433 594 463 prope
618 429 735 452 montem
760 422 880 452 Garizin.
908 422 1012 452 Dehinc
1067 423 1170 458 Ἰησοῦς
1181 424 1368 464 θυσιαστήριον
1382 425 1412 454 ἐκ
1426 425 1506 455 λίθων
1517 427 1678 467 ὁλοκλήρων,
1688 427 1734 457 καὶ
1745 428 1842 468 γράφει

264 481 324 509 quae
334 477 405 509 gesta
417 476 480 499 suut
489 469 559 499 circa
568 469 745 499 Gabaonitas.
757 469 792 499 Hi
804 469 875 498 enim
884 479 918 498 ex
927 470 1015 499 Israe'-
1065 468 1096 498 τὸ
1109 470 1314 510 Δευτερονόμιον
1329 471 1393 500 ἐκεῖ.
1408 471 1462 500 Καὶ
1475 473 1499 501 οἱ
1513 472 1619 511 ἡμίσεις
1634 472 1756 503 ἵστανται
1767 475 1839 511 πλη·

263 517 374 546 litai-um
386 516 457 545 sama
471 516 663 555 perterrefacti,
678 514 778 545 auditis
790 514 824 544 iis
837 525 897 554 quae
915 515 970 555 jam
986 516 1013 544 in
1066 514 1121 544 σίον
1133 518 1180 544 τοῦ
1204 516 1279 555 ὄρους
1300 516 1406 553 Γεὸὰλ,
1431 517 1477 547 καὶ
1498 519 1523 547 οἱ
1541 518 1647 556 ἡμίσεις
1667 519 1782 555 πλησίον
1793 522 1840 549 τοῦ

263 563 343 592 bellis
354 563 482 603 praeclare
495 569 638 602 gesserant,
653 563 725 602 ipsos
737 561 837 591 adeunt
845 562 962 600 yetustis
973 562 1015 591 in·
1030 566 1050 589 D
1066 560 1141 600 ὄρους
1154 562 1176 591 Γ
1179 561 1270 601 αριζίν.
1287 563 1426 593 Ἐντεῦθεν
1437 563 1471 592 τὰ
1492 563 1562 594 κατὰ
1581 564 1642 598 τοὺς
1660 565 1842 600 Γαὸαωνίτας.

263 609 321 638 duti
336 609 511 644 vestimentis,
526 619 606 648 panes
623 607 714 637 aridos
726 608 852 643 ferentes,
874 607 1010 636 sandalia—
1066 602 1150 636 Οῧτοι
1163 607 1214 647 γὰρ
1226 607 1386 642 ἀκούσαντες
1397 609 1458 649 περὶ
1471 612 1523 639 τῶν
1534 610 1719 651 Ἰσραηλιτῶν,
1733 611 1779 641 καὶ
1794 623 1844 652 φο-

263 666 315 695 que
328 662 430 693 vetera,
453 655 610 696 populoque
620 654 714 684 dicunt
725 665 754 684 se
771 664 805 684 ex
819 661 888 683 terra
908 654 1015 694 longin-
1066 653 1190 689 ὅηθέντες
1201 653 1296 687 αὐτοὺς
1309 653 1337 688 ἐξ
1350 649 1388 684 ὧν
1399 655 1451 691 ἤδη
1465 655 1643 696 κατώρθωσαν
1658 658 1685 686 ἐν
1696 661 1751 691 τοῖς
1761 659 1843 687 πολε-

612 176 642 199 5.
669 176 809 200 ,ΙΟΑΝΝ15
835 176 1021 200 CHRYSOST·
1053 177 1207 223 Ancum-P.
1236 179 1508 205 CONSTANTINOP-

263 714 315 742 qua
329 702 432 739 venire,
447 702 611 742 signumque
623 701 721 742 procul
735 708 898 731 remotarum
909 700 1015 731 sedium

262 759 319 778 esse
333 749 499 785 vestimenta,
513 758 596 789 panes
608 755 635 778 et
648 747 767 778 sandalia
780 759 786 776 :
803 757 866 776 nam
886 746 913 776 in
934 747 1015 788 longa

263 795 306 824 via
321 792 378 825 baec
390 795 490 825 detrita
502 794 586 824 fuisse
607 794 732 824 dicebant
745 806 752 823 z
778 793 872 823 venire
884 800 974 823 autem
988 804 1015 823 se

262 842 298 871 ad
310 850 386 883 pacta
400 852 544 882 pacemque
557 852 620 871 cum
632 841 698 882 ipsis
710 839 837 870 ineunda.
860 840 907 870 Illi
924 847 1014 870 autem

263 891 322 919 Deo
335 899 388 919 non
406 889 541 924 consulto,
555 888 657 918 foedera
671 888 799 917 inierunt.
823 888 864 917 Ut
886 898 951 917 vero
967 897 1012 917 co-

264 941 415 975 gnoverunt
426 945 454 964 se
463 934 588 975 deceptos
601 934 696 970 fuisse,
711 933 826 972 illosque
839 943 894 962 non
905 933 1014 973 procul,

264 981 312 1012 sed
324 992 410 1023 prope
431 981 563 1018 habitare,
578 991 642 1010 cum
654 990 708 1009 non
723 986 830 1020 possent
845 979 909 1008 illos
925 990 1016 1019 oppu-

264 1038 346 1067 gnare
354 1034 446 1058 contra
456 1028 621 1067 juramenta,
633 1035 725 1055 servos
737 1026 810 1066 ipsos
819 1026 1016 1055 constituerunt

1066 698 1136 737 μίοις
1145 721 1153 735 ,
1179 698 1303 739 ἔρχονται
1326 700 1391 740 πρὸς
1415 700 1525 736 αὐτοὺς,
1551 702 1654 732 παλαιὰ
1678 703 1846 743 περιθέμενοι

1065 744 1175 783 ἱμάτια,
1187 745 1283 785 ἄρτους
1293 746 1480 786 ἐπιφερόμενοι
1494 746 1588 787 ξηροὺς
1596 771 1604 784 ,
1615 748 1745 778 σανδάλια
1753 761 1843 778 πεπα-

1065 791 1212 830 λαιωμένα,
1225 791 1270 821 καὶ
1280 791 1345 832 φασὶ
1359 792 1424 832 πρὸς
1435 792 1480 822 τὸν
1491 793 1569 830 λαὸν,
1580 793 1621 823 δ’τι
1631 795 1662 824 ἐκ
1673 797 1723 834 γῆς
1735 795 1842 835 πόῤῥω,

1065 840 1107 867 θεν
1121 837 1225 874 ἥκουσι,
1238 839 1284 868 καὶ
1298 843 1409 878 σημεῖον
1423 842 1469 869 τοῦ
1480 839 1573 880 πόῤῥω
1585 842 1676 876 οἰκεῖν,
1686 841 1721 871 τὰ
1734 842 1846 881 ἱμάτια,

1065 883 1180 917 καὶτοὺς
1194 884 1304 924 ἄρτους,
1318 884 1363 914 καὶ
1374 884 1409 914 τὰ
1422 885 1552 915 σανδάλια
1572 887 1718 916 ἐποιοῦντο.
1732 887 1780 917 Ἔν
1793 887 1850 927 γὰρ

1066 932 1100 969 τῇ
1111 931 1165 970 ὁδῷ
1179 930 1247 960 αὐτὰ
1264 932 1469 961 πεπαλαιῶσθαι
1491 931 1582 971 ἔλεγον
1592 944 1599 951 ·
1611 932 1686 968 ἥκειν
1700 932 1728 962 δὲ
1746 933 1792 962 ἐπὶ
1803 935 1846 973 τῷ

1067 976 1198 1012 συνθήκας
1210 977 1374 1013 ποιήσασθαι
1391 978 1457 1018 πρὸς
1472 978 1566 1012 αὐτοὺς
1586 978 1702 1019 εἰρήνης.
1715 981 1752 1009 Οἱ
1767 979 1844 1019 δὲμὴ

1067 1022 1189 1062 ἐρόμενοι
1211 1022 1256 1052 τὸν
1282 1023 1352 1053 Θεὸν
1363 1044 1372 1059 ,
1394 1024 1555 1060 ἐποιήσαντο
1581 1025 1720 1061 συνθήκας.
1748 1025 1796 1059 Ὡς
1811 1026 1846 1055 -δὲ

265 1073 406 1114 lignarios,
435 1080 462 1103 et
486 1083 562 1112 aquae
585 1071 704 1112 bajulos.
732 1071 786 1101 Hic
808 1070 913 1101 exitum
938 1071 1018 1101 habet
1034 1072 1051 1095 Ε
1068 1068 1186 1108 ἔγνωσαν
1197 1069 1376 1108 ἠπατημένοι,
1390 1070 1436 1100 καὶ
1449 1070 1490 1100 ὅτι
1500 1072 1529 1101 οὗ
1542 1071 1642 1112 πόῤῥω,
1655 1071 1725 1101 α’λλὰ
1733 1072 1846 1109 πλησίον

267 1119 407 1160 praedictio
421 1120 496 1156 Noae,
512 1129 593 1158 quam
608 1118 679 1147 dixit
690 1131 696 1147 :
714 1118 736 1148 C
739 1118 862 1147 hanaan
870 1127 944 1158 puer
952 1128 1015 1147 ser-
1068 1117 1178 1151 οἰκοῦσι,
1190 1115 1228 1154 μὴ
1240 1115 1379 1154 δυνάμενοι
1389 1116 1483 1150 αὐτοὺς
1495 1118 1719 1157 καταπολεμῆσαι
1731 1117 1776 1147 διὰ
1787 1117 1848 1152 τοὺς

268 1177 342 1196 vus.-
359 1177 393 1196 ex
407 1165 456 1195 illo
470 1176 585 1204 namque
597 1164 627 1194 hi
640 1164 693 1194 orti
706 1165 790 1194 suere.
807 1163 919 1193 Audivi:
942 1164 1016 1194 Ado·
1067 1161 1169 1202 ὅρκους,
1181 1161 1289 1196 δούλους
1298 1162 1457 1198 ἐποιήσαντο
1469 1162 1627 1198 ξυλοκόπους
1637 1176 1665 1193 τε
1675 1164 1720 1194 καὶ
1734 1164 1847 1205 ὑδροφό-

266 1213 373 1242 nibezee
398 1222 447 1242 rex
467 1211 617 1242 Jerusalem
639 1217 745 1251 captam
767 1210 850 1239 fuisse
868 1207 978 1241 Jericho
992 1218 1018 1240 et
1069 1220 1137 1248 ρους-
1155 1207 1313 1238 ι”Ῑ“]Ψῑ“ῢῑ’ὖθοι
1332 1208 1479 1245 ἓκὸαἶνεῑῆ
1496 1209 1642 1250 πρόῤῥησῑς
1660 1213 1707 1240 τοῦ
1724 1211 1800 1246 Νῶε,
1813 1210 1846 1246 ἣν

264 1258 377 1293 Gazam,
403 1258 622 1295 Gabaonitasque
647 1256 831 1295 transfugisse,
856 1266 887 1285 ac
909 1256 1016 1286 bellum
1068 1249 1144 1283 εἶπεν
1167 1254 1276 1284 Χαναὰν
1298 1259 1361 1288 παῖς
1384 1254 1506 1292 οἰκέτης·
1528 1255 1554 1290 ἐξ
1578 1255 1678 1285 ἐκείνω
1702 1256 1754 1296 γάρ
1780 1258 1847 1286 εἰσιν

265 1304 332 1344 ipsis
346 1303 440 1333 intulit
450 1302 511 1332 aliis
525 1302 578 1331 sibi
591 1301 728 1342 adjunctis
743 1301 865 1340 regibus.
892 1302 941 1331 Illi
951 1313 1016 1332 vem
1023 1295 1148 1345 ΜΟοὗτοι.
1166 1299 1299 1330 Ἤκουσεν
1319 1301 1489 1335 Ἀδωνιὸεζὲκ
1510 1301 1634 1342 βασιλεὺς
1653 1302 1847 1343 Ἰερουσαλὴμ,

265 1349 301 1379 ad
311 1350 446 1379 auxilium
457 1349 510 1378 sihi
523 1347 668 1378 ferendum
689 1349 784 1378 Jesum
797 1355 936 1378 vocarunt.
955 1350 1015 1379 Ve-
1032 1354 1051 1375 A
1067 1345 1107 1374 ὅτι
1120 1345 1191 1375 ἑάλω
1202 1346 1308 1386 Ἱεριχὼ
1322 1346 1367 1376 καὶ
1382 1347 1455 1381 Γάζα
1465 1368 1473 1382 ,
1495 1347 1541 1377 καὶ
1559 1347 1600 1377 ὅτι
1619 1349 1808 1388 ηὐτομόλησαν
1823 1351 1848 1379 οἱ

265 1397 307 1425 nit
319 1403 408 1425 autem
422 1395 479 1431 ille,
494 1394 641 1435 praelioque
652 1394 795 1423 commisso
807 1394 834 1422 in
849 1394 942 1434 sugam
955 1396 1018 1425 illos

265 1442 363 1472 vertit:
379 1452 410 1471 ac
421 1442 455 1471 de
466 1441 530 1471 caelo
544 1441 572 1470 in
585 1441 647 1470 illos
662 1440 764 1480 grando
774 1440 875 1470 decidit
888 1452 896 1478 ς
915 1442 1019 1482 plures«

266 1499 320 1527 que
350 1487 453 1527 grando
476 1486 586 1523 occidit,
622 1497 704 1525 quam
728 1486 780 1515 filii
805 1487 889 1516 Israe'l
913 1487 1015 1526 gladio.

266 1536 345 1564 Tunc
358 1534 431 1563 stetit
442 1534 482 1563 sol
496 1540 587 1563 contra
599 1533 714 1562 Gabaon
729 1539 756 1562 et
770 1533 833 1562 luna
847 1540 941 1562 contra
954 1544 1019 1563 con-

267 1581 367 1611 vallem
397 1581 493 1617 Elom3
517 1586 657 1618 totumque
680 1578 852 1608 inimicorum
886 1579 1019 1619 populum

267 1626 400 1656 interfecit
425 1627 515 1662 Jesnx»,
542 1635 644 1654 necnon
671 1625 793 1663 quinque
826 1635 912 1664 reges.
941 1626 1021 1665 Cepit

267 1680 357 1702 autem
380 1672 514 1702 Macelam
538 1677 564 1700 et
590 1670 724 1706 Lobnam,
751 1670 862 1706 Lachis,
888 1670 1019 1707 Odolam,

267 1719 437 1756 Chebronem
451 1724 478 1747 et
491 1717 588 1752 Dabir‚
599 1724 626 1746 et
635 1723 737 1746 montes
748 1723 774 1746 et
787 1716 937 1756 planitiem.
953 1718 1021 1747 Con-

267 1772 400 1795 venerunt
411 1764 460 1793 alii
472 1774 546 1803 reges
556 1762 635 1792 multi
647 1773 709 1792 cum
721 1762 886 1792 exercitibus
894 1764 999 1803 magnis
1010 1775 1018 1793 t

267 1819 294 1841 et
307 1812 355 1842 hos
375 1821 483 1850 quoque
503 1809 605 1839 oceidit
618 1809 709 1839 Jesus.
725 1810 831 1838 Horum
850 1810 895 1839 hic
912 1810 1022 1840 nomina

269 1864 451 1893 recensentur,
466 1863 493 1885 et
504 1856 596 1891 urbes,
609 1865 801 1893 numerusque.
814 1856 831 1885 J
834 1856 932 1885 ubetur
943 1857 1021 1886 Jmus

1068 1392 1257 1428 Γαὸαωνῖται,
1274 1392 1320 1422 καὶ
1338 1393 1524 1433 ἐπιστρατεύει
1547 1395 1590 1423 ἐπ’
1604 1394 1699 1428 αὐτοὺς
1720 1395 1788 1434 μετὰ
1801 1395 1849 1425 καὶ

1067 1437 1164 1477 ἑτέρων
1179 1437 1319 1477 βασιλέων.
1335 1439 1371 1468 Οἱ
1397 1438 1424 1468 δὲ
1447 1440 1557 1470 ἐκάλουν
1572 1442 1610 1474 εἰς
1632 1441 1790 1481 συμμαχίαν
1802 1442 1847 1472 τὸν

1068 1485 1182 1520 Ἰησοῦν.
1193 1479 1279 1514 ''l-lxo:
1291 1483 1318 1514 δὲ
1332 1484 1377 1514 καὶ
1391 1485 1584 1522 συνέὸαλε,καὶ
1597 1486 1727 1527 ἐτρέψατο
1743 1488 1847 1522 αὐτούς·

1068 1529 1113 1559 καὶ
1140 1529 1237 1559 ἄνωθεν
1265 1531 1307 1559 ἐπ’
1338 1530 1433 1564 αὐτοὺς
1462 1531 1567 1571 χάλαζα
1603 1532 1754 1573 κατηνέχθη
1765 1545 1773 1552 ·
1800 1534 1847 1563 καὶ

1067 1575 1174 1609 πλείους
1197 1577 1298 1604 ἀνεῖλεν
1315 1578 1332 1611 ἡ
1349 1576 1470 1616 χάλαζα,
1482 1576 1500 1612 ἢ
1515 1578 1540 1607 οἱ
1560 1577 1612 1607 υἱοὶ
1626 1578 1737 1618 Ἰσραὴλ
1749 1580 1776 1608 ἐν
1792 1591 1847 1618 μα-

1068 1620 1159 1662 χαίρᾳ.
1172 1620 1243 1650 Τότε
1255 1621 1319 1657 ἔστη
1332 1624 1346 1651 ὁ
1357 1622 1432 1658 ἥλιος
1441 1622 1511 1652 κατὰ
1525 1622 1649 1659 Γαὸαὼν,
1661 1624 1706 1653 καὶ
1716 1626 1733 1660 ἡ
1748 1625 1849 1661 σελήνη

1069 1667 1139 1697 κατὰ
1163 1667 1288 1707 φάραγγα
1312 1667 1423 1707 Ἐλώμ·
1445 1668 1492 1698 καὶ
1513 1668 1602 1698 πάντα
1614 1672 1668 1699 τῶν
1682 1671 1784 1710 ἐχθρῶν
1803 1671 1848 1701 τὸν

1071 1713 1134 1742 λαὸν
1148 1712 1301 1742 ἀπέκτεινεν
1315 1712 1434 1750 Ἰησοῦς,
1446 1714 1493 1744 καὶ
1507 1714 1585 1744 πέντε
1602 1716 1728 1755 βασιλεῖς.
1742 1712 1807 1746 Εἳλι
1821 1717 1851 1746 δὲ

1070 1758 1116 1788 καὶ
1130 1758 1179 1795 τὴν
1195 1758 1326 1796 Μακηλὰ,
1339 1759 1385 1788 καὶ
1396 1759 1445 1796 τὴν
1459 1760 1559 1797 Αοὸνὰ,
1573 1761 1619 1790 καὶ
1632 1761 1682 1798 τὴν
1696 1762 1792 1802 Λαχὶς,
1804 1763 1849 1792 καὶ

1069 1804 1119 1841 ἰ-λν
1135 1804 1267 1842 Ὀδολὰν,
1281 1805 1327 1834 καὶ
1340 1805 1390 1841 τὴν
1405 1806 1533 1846 Χεὸρὼν,
1548 1807 1594 1836 καὶ
1611 1807 1660 1843 τὴν
1677 1808 1788 1849 Δαὸὴρ,
1803 1809 1852 1839 καὶ

1070 1851 1119 1887 τὴν
1129 1851 1243 1892 ὀρεινὴν,
1258 1851 1304 1881 καὶ
1317 1851 1366 1888 τὴν
1378 1852 1499 1888 πεδινήν.
1520 1853 1655 1888 Συνῆλθον
1667 1854 1753 1894 ἕτεροι
1768 1857 1847 1895 βασι-

268 1912 367 1933 terram
384 1903 489 1933 tradere
503 1901 633 1932 Israelitis
645 1913 653 1930 ι
667 1912 698 1930 ac
711 1901 876 1932 describitur
889 1913 948 1942 quae
969 1903 1021 1932 tri-
1036 1903 1055 1926 Β
1071 1898 1125 1931 λεῖς
1139 1898 1234 1927 πολλοὶ
1249 1897 1317 1937 μετὰ
1331 1898 1516 1938 στρατοπέδων
1531 1899 1669 1938 μεγάλων,
1684 1900 1730 1930 καὶ
1742 1901 1849 1935 τούτους

269 1950 321 1979 bus
340 1957 423 1979 sortes
436 1948 599 1988 acceperint,
615 1954 641 1976 et
657 1946 725 1986 quid
739 1948 842 1978 Levitis
855 1947 949 1978 datum
962 1949 1021 1979 fue·

270 1996 317 2025 rit.
339 1994 464 2025 Remittit
477 1995 559 2024 Jesus
574 1993 676 2022 tribum
689 1993 787 2022 Ruben
808 2000 834 2022 et
858 1995 920 2024 Gad
933 1994 1020 2025 dimi-

269 2042 396 2081 diamque
426 2041 528 2070 tribum
552 2042 677 2070 Manasse
700 2039 726 2068 in
753 2048 836 2070 sortes
858 2052 931 2079 suas,
954 2053 1021 2081 quas

269 2094 427 2128 acceperant
452 2086 543 2115 adhuc
572 2086 681 2115 vivente
707 2087 814 2125 Moyse.
844 2088 899 2124 Qui
930 2095 1020 2117 autem

269 2134 406 2169 abierunt,
432 2143 506 2162 aram
531 2131 566 2161 ad
588 2131 734 2162 Jordanem
758 2132 934 2163 ⁴edificarunt.
962 2135 1020 2163 Hoc

270 2181 337 2210 alias
357 2180 445 2209 tribus
462 2178 644 2219 perturbavit.
660 2178 794 2208 Putabant
808 2179 879 2208 enim
893 2180 955 2209 illos
968 2180 1020 2210 hoc

270 2226 426 2256 defectionis
438 2235 518 2255 causa
527 2224 628 2254 secisse.
643 2224 777 2253 Miserunt
790 2225 836 2264 qui
848 2225 919 2265 ipsos
930 2237 1019 2267 repre-

269 2272 418 2302 henderent
433 2284 439 2300 :
455 2271 499 2300 illi
519 2281 584 2301 vero
604 2280 660 2299 sese
674 2277 818 2310 purgantes
832 2271 971 2310 dixerunt,
992 2283 1020 2302 se

270 2330 323 2349 non
335 2318 490 2349 defectionis
505 2328 584 2347 causa
601 2328 674 2346 aram
687 2317 850 2357 aedificasse3
865 2319 912 2348 sed
923 2330 955 2349 ne
966 2331 1019 2360 po-

270 2367 334 2396 steri
346 2366 439 2400 vestri‚
451 2365 587 2404 inquiunt,
599 2364 670 2393 filios
679 2371 783 2394 nostros
792 2365 893 2395 alienos
904 2366 1018 2396 habeant

1071 1942 1139 1976 εἶλεν
1163 1946 1280 1982 Ἰησοῦς.
1303 1946 1445 1985 Ἔγκειται
1466 1946 1494 1976 δὲ
1515 1949 1603 1977 αὐτῶν
1616 1949 1728 1979 ἐνταῦθα
1747 1949 1793 1979 καὶ
1814 1949 1849 1979 τὰ

1070 1992 1188 2030 ὀνόματα
1203 1992 1249 2022 καὶ
1263 1994 1290 2022 αἱ
1302 1993 1403 2028 πόλεις,
1415 1992 1462 2022 καὶ
1475 1996 1489 2022 ὁ
1503 1993 1623 2033 ἀριθμός.
1644 1995 1849 2034 Προστάσσεται

1071 2038 1099 2068 δὲ
1114 2039 1218 2075 Ἰησοῦς
1237 2039 1371 2068 διαδοῦναι
1388 2038 1437 2075 τὴν
1450 2041 1501 2078 γῆν
1523 2043 1579 2073 τοῖς
1592 2040 1781 2080 Ἰσραηλίταις.
1795 2042 1851 2071 Καὶ

1071 2084 1210 2125 διαγράφει
1234 2084 1274 2118 τίς
1295 2083 1363 2124 φυλὴ
1384 2084 1456 2118 τίνας
1475 2085 1588 2126 κλήρους
1608 2085 1703 2124 ἔλαὸε,
1726 2087 1772 2116 καὶ
1794 2092 1849 2121 τοῖς

1071 2131 1195 2165 Λευίταις
1209 2132 1222 2145 ¹⁶
1234 2131 1261 2160 τί
1282 2133 1355 2172 δοθῇ.
1374 2131 1562 2170 Ἐκπέμπεται
1584 2131 1688 2168 Ἰησοῦς
1701 2132 1750 2169 τὴν
1764 2134 1849 2174 φυλὴν

1070 2176 1185 2217 Ῥουὸὶμ
1198 2177 1243 2207 καὶ
1257 2178 1306 2214 τὴν
1323 2178 1377 2208 Γὰδ
1396 2177 1441 2207 καὶ
1459 2177 1490 2207 τὸ
1510 2177 1594 2217 ἥμισυ
1614 2181 1698 2219 φυλῆς
1711 2181 1846 2216 Μανασσῆ

1071 2226 1107 2257 εἷς
1116 2223 1177 2257 τοὺς
1189 2224 1303 2264 κλήρους
1315 2225 1400 2254 αὐτῶν
1409 2247 1417 2262 ,
1431 2224 1475 2258 οὒς
1489 2223 1584 2254 izoem
1600 2225 1640 2255 ἔτι
1653 2226 1749 2260 ζῶντος
1763 2227 1847 2256 Mom-

1070 2270 1144 2303 σέως.
1165 2271 1200 2300 Οἱ
1215 2270 1244 2299 δὲ
1262 2270 1435 2308 ἀπελθόντες,
1450 2269 1524 2311 παρὰ
1535 2270 1580 2300 τὸν
1593 2270 1728 2311 Ἰορδάνην
1745 2273 1847 2312 ᾠκοδό-

1070 2327 1159 2354 μησαν
1184 2316 1283 2356 βωμόν.
1306 2316 1436 2357 Ἐτάραξε
1461 2319 1540 2346 τοῦτο
1565 2316 1612 2350 τὰς
1641 2318 1723 2352 ἄλλας
1749 2318 1844 2359 φυλάς.

1068 2361 1167 2404 ’ῼοντο
1188 2362 1240 2402 γὰρ
1268 2362 1432 2396 ἀποστασίας
1453 2362 1540 2392 ἕνεκεν
1569 2365 1647 2393 τοῦτο
1670 2365 1847 2400 πεποιηκέναι

271 2424 287 2442 a
299 2424 348 2443 sua
361 2412 527 2452 cognatione,
542 2421 573 2439 eo
585 2410 659 2449 quod
672 2409 800 2441 Jordanis
813 2411 882 2441 inter
895 2412 1016 2442 medium
1033 2419 1052 2442 C
1069 2410 1171 2445 αὐτούς.
1195 2410 1338 2450 Πέμπουσι
1361 2411 1427 2451 πρὸς
1452 2413 1546 2447 αὖτοὺς
1559 2413 1730 2452 ἐγκαλοῦντες
1740 2425 1747 2432 ·
1769 2414 1794 2443 οῖ
1816 2413 1844 2443 δὲ

270 2470 364 2490 eorum
383 2459 460 2497 ssuat;
480 2456 529 2487 sed
548 2464 578 2486 ut
595 2457 630 2487 sit
647 2468 693 2486 ara
714 2458 741 2487 in
757 2458 951 2497 testimonium,
967 2470 1015 2489 nec

303 2552 316 2571 b
334 2549 397 2575 Vide
409 2558 463 2583 quae
479 2548 587 2573 diximus
605 2557 679 2581 supra
702 2547 727 2574 in
741 2549 851 2582 Synopsi
869 2550 895 2574 in
912 2549 1028 2575 Genesim

268 2592 334 2616 circa
356 2587 557 2615 maledictionem
569 2587 699 2614 Chauaaui
714 2589 740 2614 in
757 2588 905 2615 Gabaonitis
916 2590 1027 2623 comple-

1068 2462 1245 2501 ἀπελογοῦντο
1257 2462 1387 2502 λέγοντες,
1401 2464 1449 2493 οὔκ
1463 2463 1627 2498 ἄποστασίας
1640 2464 1728 2494 ἕνεκεν
1744 2465 1842 2495 οἰκοδο-

1081 2557 1142 2577 tam.

1113 2591 1125 2604 ⁸
1143 2591 1233 2623 [Coisl.
1248 2596 1280 2621 τίς
1295 2594 1357 2627 δοθῇ.
1366 2593 1376 2625 ]
