1904 2840
113 548 193 576 Ephes.
203 547 250 569 23.

115 1022 180 1042 lenm.
194 1019 229 1048 ιῇ,

112 1051 149 1074 23.

114 1299 251 1330 Esm.53.7.

144 1534 155 1558 γ
165 1530 233 1552 Num.

265 234 334 278 842
834 242 839 245 >
864 233 947 256 OPUS
974 231 1208 256 IMPERFECTUM

264 304 337 343 quod
349 304 436 332 honus
451 312 457 329 ε
471 300 547 339 quasi
559 299 619 329 ovis
632 303 732 334 autem,
747 306 800 335 qua
820 305 873 325 non
886 294 922 324 ad
944 294 1001 335 ple·
1021 297 1041 320 A
1059 295 1107 323 17.
1122 294 1279 324 Attendite
1302 288 1388 322 vobis
1412 294 1450 322 ab
1475 292 1640 321 hominibus
1649 313 1660 328 ,
1682 291 1803 321 tradem

264 354 327 373 num
334 343 431 372 bonus.
444 339 499 377 Qui
512 345 600 368 autem
610 339 697 367 Deum
710 346 762 366 non
774 334 919 375 cognoscit,
931 334 1001 363 nihil

262 384 290 412 in
304 393 332 411 se
342 381 407 411 boni
423 386 510 420 potest
522 378 632 413 habere,
643 383 783 422 propterea
794 375 877 419 lupus
887 373 998 419 dicitur,

263 433 315 451 non
329 421 403 460 quasi
415 420 509 459 lupus,
525 417 588 456 quia
597 416 668 445 nihil
681 415 743 445 boni
757 415 838 444 habet
848 424 876 459 in
887 424 924 449 se,
936 424 1000 459 quia

262 462 289 490 in
309 471 336 490 se
349 470 400 489 non
421 457 556 498 cognoscit
574 458 672 485 Deum.
693 456 779 485 Causa
803 460 842 483 est
865 460 925 489 ista,
937 463 1001 498 quia

262 510 352 529 omnes
361 498 483 528 homines
494 496 640 526 secundum
652 495 739 524 carnis
749 500 870 523 naturam
883 492 949 521 mah
957 503 1001 521 su-

263 550 322 569 mus
338 551 344 567 ι
361 546 387 568 et
413 538 482 567 sicut
495 536 563 565 dicit
584 535 720 575 apostolus
733 556 740 570 ‚
765 534 882 562 Natura
903 542 1002 561 sumus

257 580 314 618 filii
329 579 378 607 iroe
391 590 398 606 .·
415 578 466 606 sed
477 586 530 615 per
544 577 674 604 timorem
688 574 745 602 Dei
763 572 909 614 efficimur
920 573 999 600 boni.

260 618 392 656 Quamvis
409 623 499 646 autem
512 626 560 659 per
572 614 695 644 timorem
712 612 763 641 Dei
780 611 913 640 efficimur
923 611 1000 646 boni,

260 666 347 687 tamen
372 667 475 696 semper
488 653 593 693 ahquid
609 652 739 682 naturalis
759 651 824 680 mali
837 657 955 680 remanet
973 650 1001 679 in

261 704 357 726 natura
370 696 520 725 hominum.
530 694 603 732 Ergo
616 692 639 722 si
650 698 744 721 natura
755 690 871 720 carnalis
884 690 1002 730 compel-

260 737 293 765 lit
306 736 366 766 fieri
376 735 488 771 malum,
501 734 582 763 timor
595 732 646 762 Dei
657 742 690 760 ex
705 737 779 771 parte
797 730 892 759 retinet
911 740 972 758 eum
986 740 1001 758 a

261 776 343 805 malo.
357 775 499 805 Hominem
512 783 565 802 non
577 778 779 811 cognoscentem
789 771 888 806 Deum,
903 775 949 798 aut
958 779 1002 799 co-

261 821 430 854 gnoscentem
449 812 578 852 quidem,
602 810 650 841 sed
671 820 725 839 non
747 809 894 853 timentem,
909 815 1002 854 natura

261 854 399 894 compellit
410 854 495 882 facere
507 851 620 887 malum,
636 857 661 879 et
682 850 763 878 timor
777 850 827 877 Dei
842 858 894 877 non
908 855 1004 877 retinet

261 906 276 922 a
291 894 372 929 malo,
387 899 413 922 et
435 892 497 921 ideo
510 901 563 920 non
589 896 676 930 potest
693 899 750 917 esse
771 887 798 916 in
822 887 879 916 illis
899 887 1003 926 aliquid

261 933 337 969 boni,
350 933 403 962 nisi
416 933 484 961 sorte
501 937 611 970 propter
634 928 767 965 homines,
784 926 892 965 quando
912 927 1002 967 ipsum

262 983 315 1002 non
330 979 369 1001 est
392 973 511 1007 honum,
535 969 582 999 sed
602 969 720 1005 malum,
748 966 822 1006 quod
835 973 874 995 est
894 973 1004 1006 propter

262 1013 361 1041 Deum.
377 1011 524 1050 Quicquid
535 1015 633 1038 autem
648 1018 707 1036 non
721 1013 763 1036 est
774 1017 811 1035 ex
817 1006 889 1046 fide,
903 1016 1004 1045 pecca-

265 1058 325 1081 tum
338 1059 390 1080 est.
406 1050 470 1080 Ideo
486 1049 570 1079 sancti
578 1047 689 1087 quidem
702 1047 779 1085 quasi
792 1055 865 1082 oves,
878 1045 944 1074 mali
956 1056 1004 1074 au-

264 1097 316 1121 tem
325 1101 376 1120 non
390 1090 466 1130 quasi
475 1089 546 1129 lupi,
562 1087 610 1117 sed
617 1086 652 1116 ad
666 1086 776 1126 plenum
789 1092 919 1130 vocantur
932 1084 1001 1130 lupi.

262 1132 319 1160 Nec
332 1137 437 1160 moveat
449 1136 486 1164 te,
497 1128 571 1167 quod
582 1127 662 1156 etiam
675 1125 799 1158 Christus
809 1135 886 1163 quast
896 1134 956 1155 ovis
966 1132 1005 1154 est

263 1170 360 1206 dictus,
377 1180 429 1199 non
444 1169 513 1204 ovis,
527 1178 590 1197 cum
609 1167 644 1196 sit
656 1172 728 1195 totus
748 1164 846 1194 bonus.
870 1165 913 1194 lbi
933 1164 1004 1194 enim

263 1220 315 1239 non
334 1219 446 1249 persona
459 1207 563 1237 Christi
582 1211 733 1250 comparata
745 1210 785 1249 est
799 1203 842 1249 ‚ad
863 1214 1004 1249 personam

263 1250 334 1286 ovis,
346 1248 393 1278 sed
407 1247 504 1277 occisio
515 1245 617 1277 Christi
634 1251 704 1274 stcut
725 1253 824 1273 occisio
835 1253 904 1272 ovrs.
917 1245 1004 1273 Deni-

264 1299 316 1327 que
329 1288 365 1317 ita
378 1287 517 1327 subjungit
532 1297 538 1313 ι
555 1286 602 1316 Sic
616 1294 676 1314 non
690 1285 802 1323 aperuit
817 1292 848 1311 os
862 1285 895 1311 in
906 1284 1002 1312 humi-

265 1329 356 1357 litate.
381 1328 450 1357 Nam
475 1337 523 1355 nec
536 1325 606 1361 ovis,
629 1334 691 1352 cum
710 1322 819 1351 ducitur
842 1321 879 1350 ad
895 1322 1003 1350 occisio-

263 1378 334 1402 nem,
347 1367 465 1405 aliquam
481 1375 575 1395 vocem
594 1362 701 1392 emittit.
724 1361 775 1390 Hic
788 1367 877 1389 autem
890 1371 1003 1400 persona

263 1407 444 1446 apostolorum
453 1410 603 1445 comparata
617 1408 656 1431 est
669 1400 705 1430 ad
717 1400 808 1445 ovium
823 1410 910 1444 mores
927 1411 934 1427 :
949 1409 1002 1429 non

264 1446 354 1475 missio
377 1456 471 1475 eorum
483 1444 518 1474 ad
534 1442 688 1473 missionem
709 1449 813 1476 ovium,
827 1438 856 1483 id
870 1445 920 1483 est,
939 1449 1002 1478 apo-

263 1485 325 1514 stoli
341 1485 391 1525 ipsi
411 1484 477 1514 dicti
491 1490 554 1513 sunt
566 1482 636 1511 sicut
648 1490 722 1516 oveS,
736 1488 788 1507 non
803 1488 894 1507 missm
907 1488 1002 1507 eorum
1020 1494 1038 1517 C

262 1525 330 1554 sicut
351 1524 443 1554 missio
456 1524 560 1553 ovium.
572 1521 594 1559 ἦ·
608 1521 670 1550 Non
693 1517 764 1547 enim
778 1517 922 1547 mittuntur
944 1518 1003 1546 ali-

261 1564 368 1602 quando
382 1573 445 1593 oves
458 1562 494 1591 ad
516 1562 604 1601 lupos,
620 1557 670 1588 nec
683 1563 818 1596 comparat
829 1557 927 1595 aliquis
939 1568 1001 1597 pos-

261 1604 367 1632 sibilem
387 1603 467 1632 etiam
488 1598 700 1641 impossibiliter.
723 1596 803 1625 Unde
824 1596 890 1625 alibi
912 1596 1000 1626 dictus

261 1653 345 1682 agnus
358 1649 408 1678 est,
420 1651 473 1670 non
487 1640 563 1680 quasi
574 1648 670 1678 agnus.
683 1637 785 1665 Estote
799 1646 865 1674 ergo
874 1637 1000 1675 pruden-

262 1690 302 1710 tes
327 1683 399 1711 sicut
422 1686 564 1719 serpentes
575 1700 583 1714 ,
610 1676 646 1706 ad
671 1674 857 1714 intelligendas
880 1675 998 1705 fraudes.

260 1723 364 1750 Estote
375 1720 520 1759 simplices
529 1719 604 1747 sicut
617 1716 765 1750 columbae,
778 1713 813 1742 ad
826 1714 1000 1753 ignoscentias

260 1761 385 1800 injurias.
401 1759 471 1789 Nolo
483 1768 532 1788 vos
551 1766 606 1786 esse
627 1765 730 1793 semper
748 1752 823 1791 quasi
848 1754 997 1791 columbas,

261 1810 293 1828 ne
307 1806 417 1838 propter
426 1797 623 1837 simplicitatem
635 1793 744 1823 nimiam
757 1803 806 1832 pcr
819 1792 999 1823 seductionem

260 1838 386 1876 laqueum
403 1836 556 1866 incurratis.
577 1834 647 1864 Nolo
664 1843 713 1862 vos
736 1842 792 1861 esse
809 1842 913 1872 semper
930 1833 1000 1862 sicut

260 1884 404 1916 serpenteS,
412 1886 445 1905 ne
457 1886 490 1905 ex
502 1873 582 1904 corde
593 1879 684 1902 contra
696 1871 812 1909 aliquem
825 1882 924 1901 venena
937 1871 1000 1901 sun->

261 1916 341 1952 datis,
356 1916 401 1945 sed
417 1914 564 1944 secundum
583 1919 688 1951 tempus
701 1917 726 1939 et
745 1921 870 1950 personas
893 1912 998 1941 mutetis

260 1962 286 1983 et
299 1965 394 1984 mores.
406 1954 497 1983 Estote
511 1958 656 1991 serpentes,
668 1960 701 1979 ne
723 1950 996 1989 comprehendamini.

261 1994 290 2022 Si
303 1994 374 2022 enim
388 1991 571 2032 comprehensi
584 1989 700 2025 fueritis,
711 1996 791 2018 estote
810 1989 951 2026 columbae,
969 1998 998 2020 ut

261 2043 294 2061 ne
314 2031 470 2061 mordeatis.
489 2029 627 2067 Quamdiu
647 2028 718 2058 enim
733 2028 813 2057 homo
827 2029 934 2067 gentilis
946 2036 995 2067 est,

261 2081 368 2110 serpens
382 2071 410 2099 in
421 2070 470 2098 illo
479 2076 518 2098 est
536 2081 543 2098 =
560 2068 686 2107 quoniam
703 2067 851 2106 indignatio
864 2068 940 2098 illius
954 2079 997 2098 se-

261 2110 380 2139 cundum
393 2108 599 2139 similitudinem
613 2114 652 2136 est
668 2107 742 2136 illius
754 2107 892 2146 serpentis,
907 2108 955 2146 qui
968 2108 997 2137 in

260 2148 384 2188 paradiso
404 2148 540 2177 hominem
553 2158 569 2176 a
594 2148 650 2175 Deo
673 2146 804 2186 separavit
820 2156 826 2173 ε
851 2158 913 2176 cum
933 2158 997 2176 vero

260 2188 424 2218 convertitur
432 2187 467 2216 ad
480 2187 572 2222 fidem,
588 2185 723 2215 recedente
733 2193 863 2225 serpente,
877 2186 995 2225 ingredi-

259 2235 304 2257 tur
316 2228 344 2256 in
358 2227 436 2256 illum
450 2226 576 2265 Spiritus,
587 2224 634 2263 qui
657 2225 684 2253 in
696 2225 781 2264 specie
800 2225 931 2254 columbae
944 2226 996 2255 de-

259 2266 360 2296 scendit
372 2265 405 2295 de
421 2265 484 2295 coelo
507 2271 533 2294 et
547 2265 577 2293 fit
595 2264 728 2293 columba.
743 2264 814 2303 Ergo
828 2272 918 2294 contra
930 2266 995 2294 infi-

259 2306 331 2335 deles
350 2312 432 2335 estote
452 2310 595 2343 serpentes,
609 2303 672 2341 quia
693 2313 800 2341 serpens
816 2305 931 2343 serpenti
942 2315 995 2334 non

258 2352 354 2375 nocet:
370 2355 432 2374 cum
454 2344 581 2373 fidelibus
604 2349 692 2371 autem
712 2349 793 2370 estote
811 2343 951 2379 columbae,
965 2352 995 2375 ut

257 2385 334 2423 quasi
352 2383 482 2414 columbae
496 2381 628 2412 columbis
640 2381 757 2410 caritatis
768 2382 857 2410 oscula
871 2383 993 2423 porriga-

257 2425 302 2453 tis.
316 2424 352 2453 Et
376 2429 406 2452 ut
425 2422 542 2452 breviter
554 2421 653 2455 dicam,
668 2427 749 2449 estote
762 2420 906 2459 prudentes
925 2423 994 2452 sicut

258 2470 402 2502 serpentes,
418 2469 448 2491 ut
467 2461 570 2490 malum
589 2459 744 2499 intelligatis
768 2466 794 2488 et
818 2461 941 2490 caveatis.
957 2463 993 2491 Et

257 2509 338 2531 estote
350 2501 484 2541 simplices
497 2500 566 2530 sicut
577 2499 718 2535 columbae,
731 2505 760 2527 ut
773 2509 825 2527 non
835 2500 936 2529 faciatis
949 2501 992 2529 ul-

257 2542 315 2570 lum
335 2541 446 2569 malum.
466 2540 537 2577 Quia
558 2538 705 2578 intelligere
727 2538 840 2574 malum,
856 2539 991 2569 laudabile

255 2587 295 2609 est
310 2590 317 2607 ε
328 2580 414 2609 facere
426 2586 525 2614 autem,
537 2577 726 2618 vituperabile.
737 2579 792 2607 Nec
805 2578 851 2616 qui
866 2578 991 2618 intelligit

256 2619 368 2656 malum,
384 2619 439 2658 ipse
457 2619 524 2648 facit¹
538 2618 650 2655 malum,
666 2617 712 2647 sed
725 2617 772 2655 qui
795 2617 856 2647 facit
876 2618 985 2648 malum.

1058 335 1134 362 enim
1152 343 1207 363 vos
1219 335 1252 362 in
1265 332 1410 362 conciliis.
1424 331 1561 368 Quoniam
1579 331 1703 371 superius
1715 331 1798 365 dixit,

1058 374 1161 402 Estote
1171 374 1328 412 prudentes
1341 374 1417 401 sicut
1434 377 1591 410 serpentes,
1603 377 1632 400 et
1654 371 1799 410 simplices

1058 413 1131 441 sieut
1142 413 1285 441 eolumboe
1300 424 1307 440 :
1319 421 1391 440 nunc
1399 410 1434 440 ad
1443 417 1586 449 utrumque
1593 420 1700 439 cansam
1711 417 1800 440 osten-

1058 452 1110 488 dit,
1125 458 1151 481 et
1162 462 1245 490 quare
1257 451 1318 480 vult
1330 461 1386 480 esse
1402 449 1546 490 prudentes
1566 449 1636 479 sicut
1652 456 1798 490 serpentes,

1058 498 1084 520 et
1102 491 1238 531 simplices
1260 490 1330 520 sicut
1356 489 1495 519 columbae.
1519 488 1668 518 Prudentes
1687 489 1799 534 quidem
1815 502 1818 504 >

1059 530 1127 560 sicut
1147 537 1291 571 serpentes,
1305 536 1336 559 ut
1346 528 1481 559 attendant
1504 527 1557 557 sibi
1576 528 1611 557 ab
1631 527 1798 565 hominibus,

1059 570 1107 608 qui
1123 570 1228 599 tradent
1239 580 1284 599 eos
1306 569 1334 598 in
1355 568 1485 598 conciliis.
1506 567 1652 608 Proprium
1667 567 1739 597 enim
1759 574 1800 598 est

1058 610 1188 649 serpentis
1202 632 1209 646 ,
1230 610 1266 639 ab
1286 608 1443 639 hominibus
1466 607 1517 637 sibi
1535 614 1612 636 caute
1634 608 1798 647 prospicere.

1059 649 1140 679 Unde
1158 649 1296 689 apostolus
1315 648 1451 684 admonet,
1465 647 1557 676 dicens
1573 657 1580 674 ι
1595 648 1633 675 In
1654 649 1799 686 sapientia
1811 654 1896 685 οο1.4.

1059 689 1208 718 ambulate
1221 711 1230 724 ‚
1257 690 1398 728 quoniam
1421 693 1532 732 tempus
1558 686 1630 717 malt·
1670 697 1720 716 um
1743 693 1797 717 est.
1808 686 1904 715 ephan

1058 729 1149 764 Quare
1160 735 1247 757 autem
1261 728 1322 757 vult
1334 738 1379 757 eos
1391 737 1447 757 esse
1461 726 1619 766 Simplices?
1662 732 1734 756 tnon
1748 726 1798 756 ad·
1811 716 1847 739 ¹⁶·

1058 778 1151 797 versus
1163 767 1313 807 proditores
1332 778 1394 796 suos
1406 765 1515 796 malitiae
1526 775 1656 795 memores
1673 766 1737 803 sint,
1751 766 1800 796 sed

1057 806 1173 847 diligant
1185 807 1308 836 inimicos
1325 817 1399 842 sum,
1419 813 1445 835 et
1457 805 1624 835 benefaciant
1640 815 1800 845 persequen-

1057 847 1130 876 tibus
1142 858 1181 882 se,
1195 846 1343 876 secundum
1355 847 1405 875 Dei
1419 845 1522 875 Christi
1536 851 1699 890 praeoeptum
1714 856 1722 874 :
1735 845 1799 884 quin
1809 856 1895 879 nauli.

1059 895 1110 915 non
1123 893 1227 915 tantum
1244 886 1369 915 laedimur
1387 886 1422 915 ab
1436 884 1536 923 iniquis
1549 884 1678 921 inimicis,
1691 884 1799 924 quando
1808 885 1848 917 44-

1059 935 1187 955 nocemur
1201 926 1234 954 ab
1249 925 1326 965 ipsis,
1340 924 1387 954 sed
1400 925 1479 954 etiam
1493 924 1660 963 proficimus,
1676 935 1738 954 eum
1751 935 1801 965 per

1059 965 1189 994 malitiam
1201 975 1296 994 eorum
1309 964 1455 995 constantia
1468 963 1595 992 bonitatis
1615 970 1711 993 nostrae
1720 975 1735 993 a
1750 975 1800 994 suo

1059 1005 1196 1044 proposito
1206 1004 1277 1034 victa
1286 1015 1339 1034 non
1349 1003 1484 1034 reoesserit
1498 1014 1505 1031 τ
1519 1002 1647 1048 quoniam
1657 1003 1799 1044 proprium

1059 1051 1098 1073 est
1111 1044 1242 1073 columbae
1253 1054 1338 1083 usque
1351 1043 1385 1073 ad
1400 1049 1512 1072 mortem
1523 1052 1551 1071 m
1562 1042 1733 1082 simplicitate
1743 1054 1799 1072 ma-

1059 1093 1129 1113 nere.
1152 1083 1233 1113 Unde
1252 1091 1278 1113 et
1292 1083 1338 1119 de,
1351 1082 1491 1112 tolerantia
1504 1081 1558 1112 Job
1574 1081 1680 1111 dictum
1693 1089 1743 1119 est,
1756 1083 1798 1112 Et
1806 1086 1858 1108 lob·
1871 1092 1893 1108 2·

1059 1123 1157 1152 adhuc
1161 1129 1325 1162 perseverat
1335 1124 1368 1152 in
1377 1123 1431 1152 sim
1451 1122 1573 1151 licitate.
1580 1121 1737 1152 Attendite
1744 1133 1799 1152 vo—

1059 1164 1103 1191 bis
1114 1165 1151 1192 ab
1165 1164 1330 1192 hominihus
1346 1175 1353 1191 :
1368 1133 1485 1192 traseae
1495 1163 1572 1190 enim
1589 1171 1645 1190 vos
1657 1162 1690 1198 in
1700 1165 1799 1192 eonci-

1058 1203 1118 1239 liis,
1131 1209 1158 1232 et
1166 1204 1197 1231 in
1203 1204 1364 1242 synagogis
1370 1203 1430 1232 suis
1431 1200 1631 1243 flagellabunt
1637 1211 1703 1237 vos,
1709 1203 1721 1230 1
1727 1201 1757 1232 8.
1770 1209 1801 1232 et

1057 1249 1127 1271 ante
1141 1252 1220 1282 reges
1231 1248 1259 1271 et
1274 1243 1410 1281 praesides
1423 1241 1538 1271 stabitis
1549 1241 1583 1269 in
1603 1242 1799 1271 testimonium

1057 1282 1130 1318 illis,
1146 1289 1175 1311 et
1196 1282 1340 1321 gentibus.
1357 1282 1398 1311 Ita
1416 1280 1499 1317 dixit,
1516 1279 1652 1310 Attendite
1665 1280 1744 1311 vobis
1763 1281 1798 1310 ab

1056 1320 1224 1356 hominibus,
1238 1321 1339 1359 quasia
1358 1319 1520 1367 quibusdam
1531 1319 1655 1365 pessimis
1667 1320 1758 1358 malis,
1771 1328 1798 1351 et

1057 1370 1138 1398 super
1151 1360 1240 1388 omnia
1253 1360 1324 1389 mala
1338 1360 1427 1389 malis.
1440 1361 1510 1389 Nam
1523 1369 1547 1388 si
1561 1369 1612 1388 non
1624 1360 1701 1398 quasi
1711 1360 1799 1390 homi-

1057 1408 1103 1427 nes
1113 1408 1239 1428 accusans
1251 1398 1373 1434 dixisset,
1387 1398 1520 1428 sufficeret
1533 1398 1576 1427 illi
1587 1397 1796 1437 dicere,rAtten-

1055 1437 1111 1466 dite
1124 1438 1213 1473 vobis,
1223 1437 1331 1467 tradent
1343 1438 1414 1467 enim
1423 1448 1480 1468 vos.
1486 1438 1565 1467 Nunc
1575 1444 1664 1467 autem
1678 1438 1795 1475 addidit,

1057 1477 1213 1506 Attendite
1231 1479 1315 1507 vobis
1335 1479 1372 1506 ab
1396 1478 1561 1506 hominibus
1577 1487 1586 1503 .·
1600 1477 1738 1507 ostendere
1748 1488 1797 1508 vo—

1057 1516 1124 1553 lens,
1134 1518 1197 1556 quia
1210 1528 1264 1558 prae
1276 1517 1400 1547 omnibus
1414 1517 1492 1546 malis
1504 1516 1585 1545 homo
1598 1523 1638 1546 est
1650 1517 1797 1557 pessimum

1056 1556 1170 1586 malum.
1186 1558 1254 1587 Nam
1268 1557 1291 1587 si
1305 1555 1397 1586 bestiis
1417 1566 1572 1601 comparare
1592 1556 1711 1587 volueris
1721 1567 1795 1594 eum,

1057 1596 1174 1636 pejorem
1192 1597 1310 1626 invenies
1329 1607 1400 1626 eum.
1411 1597 1500 1626 Besua
1519 1595 1600 1630 enim,
1617 1597 1741 1635 quamvis
1762 1597 1798 1627 sit

1056 1635 1184 1672 crudelis,
1199 1643 1285 1666 tamen
1299 1636 1362 1675 quia
1374 1642 1413 1665 est
1426 1634 1630 1671 irrationabilis,
1646 1635 1796 1666 declinabi-

1055 1682 1100 1704 tur
1113 1676 1146 1704 ab
1160 1676 1268 1705 homine
1281 1675 1427 1705 crudelitas
1440 1675 1510 1714 ejus.
1525 1675 1613 1704 Homo
1631 1682 1720 1704 antem
1733 1687 1797 1706 cru-

1055 1714 1124 1743 delis
1136 1725 1198 1744 cum
1212 1716 1257 1749 sit,
1271 1723 1297 1745 et
1315 1714 1493 1752 rationabilis,
1508 1724 1561 1743 non
1579 1715 1657 1744 facile
1667 1715 1796 1745 evadetur

1055 1754 1200 1783 crudelitas
1221 1756 1289 1795 ejus.
1319 1755 1347 1785 Si
1368 1753 1565 1794 comparaveris
1583 1754 1720 1784 hominem
1737 1766 1792 1785 ser-

1055 1794 1140 1832 penti,
1152 1795 1271 1840 pejorem
1286 1795 1404 1824 invenies
1424 1794 1560 1823 hominem
1575 1805 1582 1822 :
1595 1795 1721 1833 quoniam
1735 1805 1795 1824 ser-

1056 1843 1131 1872 pens,
1147 1840 1196 1862 etsr
1221 1834 1352 1863 malitiam
1371 1834 1462 1870 habet,
1477 1840 1565 1862 tamen
1581 1834 1699 1863 hominis
1720 1834 1795 1864 timo-

1055 1883 1109 1901 rem
1134 1873 1224 1902 habet.
1249 1873 1314 1903 Ideo
1325 1896 1332 1908 ,
1355 1873 1378 1902 si
1401 1875 1483 1911 quem
1507 1872 1633 1902 absconse
1657 1874 1793 1912 potuerit,

1055 1911 1159 1941 mordet
1175 1923 1181 1939 :
1197 1913 1221 1941 si
1238 1920 1326 1942 autem
1340 1923 1392 1942 non
1405 1912 1538 1952 potuerit,·
1546 1912 1625 1952 fugit.
1640 1914 1728 1943 Homo
1740 1923 1794 1942 au-

1053 1958 1107 1979 tem
1122 1958 1148 1980 et
1168 1952 1299 1981 malitiam
1312 1952 1393 1981 habet
1415 1951 1555 1992 serpentis,
1569 1959 1596 1981 et
1608 1953 1727 1982 timorem
1740 1963 1793 1982 nou

1054 1989 1134 2020 habet
1147 1991 1215 2020 sicut
1228 2002 1345 2031 serpens.
1358 1991 1423 2021 Ideo
1430 1990 1560 2030 quamdiu
1568 2001 1620 2020 non
1634 1991 1715 2021 hahet
1727 1999 1795 2021 tem-

1053 2040 1114 2068 pus,
1127 2030 1190 2059 latet
1214 2031 1282 2060 sicut
1302 2041 1411 2070 serpens
1428 2043 1434 2059 :
1452 2031 1476 2060 si
1489 2037 1578 2059 autem
1601 2031 1744 2065 invenerit,
1755 2031 1793 2060 ir-

1054 2069 1109 2097 ruit
1126 2070 1195 2098 sicut
1215 2070 1312 2099 bestia.
1329 2070 1426 2099 Adhuc
1439 2076 1528 2098 autem
1542 2070 1646 2108 anguis,
1660 2069 1793 2108 siquidem

1051 2108 1153 2137 irritata
1172 2109 1264 2144 fuerit,
1282 2109 1369 2144 saevit,
1384 2109 1408 2138 si
1429 2115 1518 2137 autem
1538 2109 1641 2138 irritata
1656 2119 1710 2139 non
1731 2110 1793 2139 sue-

1052 2147 1097 2182 rit,
1113 2148 1142 2176 in
1155 2148 1260 2177 silentio
1280 2149 1384 2177 transit.
1400 2149 1487 2178 Homo
1509 2155 1599 2177 autem
1611 2155 1637 2178 et
1659 2159 1711 2179 non
1725 2148 1792 2179 irri-

1051 2193 1121 2216 tatus
1129 2187 1235 2223 insanit,
1249 2195 1274 2216 et
1291 2187 1377 2227 magis
1390 2198 1472 2227 super
1487 2187 1548 2216 illos
1558 2188 1678 2217 insanita
1692 2189 1792 2228 quibus

1051 2236 1104 2255 non
1124 2227 1205 2256 fuerit
1223 2227 1353 2256 irritatus.
1377 2228 1412 2256 Et
1435 2227 1596 2256 utbreviter
1609 2227 1708 2265 dicam,
1724 2238 1792 2257 una-

1051 2276 1163 2304 quaeque
1180 2266 1264 2296 bestia
1280 2277 1364 2295 unum
1380 2266 1460 2296 habet
1474 2273 1500 2296 et
1514 2267 1654 2307 proprium
1669 2268 1790 2303 malum;

1051 2305 1131 2334 homo
1139 2313 1228 2335 autem
1242 2306 1330 2335 omnia
1338 2306 1417 2335 habet
1424 2306 1451 2335 in
1463 2316 1500 2335 se.
1515 2307 1635 2345 Denique
1643 2307 1724 2336 homo
1732 2318 1790 2336 ma·

1049 2344 1093 2374 lus
1106 2345 1182 2384 pejor
1195 2352 1234 2374 est
1252 2356 1334 2384 quam
1347 2345 1404 2385 ipse
1421 2345 1558 2375 diabolus.
1573 2346 1703 2375 Diabolus
1718 2347 1790 2376 enim
1799 2362 1848 2380 cv„

1049 2384 1072 2412 si
1087 2384 1176 2414 videat
1182 2384 1299 2424 justum,
1313 2395 1365 2414 non
1379 2392 1419 2414 est
1429 2395 1510 2414 ausus
1524 2384 1560 2414 ad
1571 2395 1633 2414 eum
1644 2384 1787 2414 accedere:

1049 2423 1129 2453 homo
1149 2431 1237 2454 autem
1256 2425 1354 2461 malus,
1373 2425 1498 2463 quamvis
1516 2424 1653 2453 hominem
1669 2431 1791 2454 sanctum

1048 2462 1157 2500 viderit,
1182 2474 1233 2492 uon
1253 2464 1340 2493 solum
1363 2463 1443 2493 illum
1462 2473 1515 2492 non
1533 2464 1619 2498 timet,
1633 2463 1680 2492 sed
1700 2464 1790 2494 adhuc

1047 2503 1132 2541 magis
1145 2504 1299 2533 contemnit.
1310 2504 1371 2533 Non
1382 2503 1454 2532 enim
1465 2502 1590 2532 diabolus
1604 2503 1707 2532 homini
1719 2514 1790 2543 prae-

1047 2547 1097 2570 stat
1110 2542 1247 2578 virtutem,
1258 2542 1305 2572 sed
1318 2543 1398 2572 homo
1412 2542 1532 2571 diabolo.
1546 2544 1626 2571 Arma
1644 2542 1717 2572 enim
1729 2542 1789 2572 dia-
1898 2546 1904 2580 j

1046 2580 1102 2608 boli
1113 2588 1152 2609 est
1161 2582 1247 2611 malus
1260 2582 1351 2611 homo.
1365 2582 1441 2612 Sicut
1453 2582 1525 2611 enim
1538 2581 1619 2612 homo
1638 2582 1695 2611 sine
1707 2582 1789 2612 armis
1900 2583 1904 2590 ⁴

1046 2630 1096 2648 non
1110 2627 1194 2659 potest
1208 2621 1311 2659 aliquid
1321 2622 1405 2651 facere
1420 2629 1510 2651 contra
1522 2621 1637 2659 hostem,
1648 2621 1686 2650 sic
1695 2621 1789 2651 diabo-
