1890 2826
72 274 146 296 Zarrh.
163 280 213 301 ¹·9-

71 311 93 327 ul
108 313 143 328 12.

76 596 134 616 Ibid.
146 603 166 616 ν,
178 594 213 615 13.

81 967 194 992 Psa1.'i2·

81 1007 119 1022 20.

80 1108 219 1140 1¹sul.3''.6.

81 1199 106 1227 4.
118 1198 219 1227 Reguli).

86 1944 143 1965 Jml.
156 1943 180 1971 4.

91 2131 156 2152 PsaI.
173 2130 213 2153 82.

92 2168 126 2183 to.

227 192 299 235 434

225 263 354 303 propheta
362 263 399 291 ait
411 276 417 291 ι
431 263 459 291 E
462 269 471 291 t
480 262 626 302 respondit
635 263 766 303 angelus,
777 265 830 303 qui
841 263 970 303 loquitur

224 313 256 339 in
269 321 325 344 me,
341 317 369 339 et
379 310 455 339 dixit
467 310 508 339 ad
522 310 688 339 Dominum.
702 310 766 340 Haee
778 317 866 340 autem
879 310 969 350 angeli
988 313 1007 336 Ε

223 356 274 386 fuit
288 356 422 397 precatio:
437 356 564 386 Domine
573 357 763 393 exercituum,
776 366 925 396 usquequo
937 363 968 386 ιιι

224 413 284 431 non
304 403 482 431 misereberis
499 401 676 439 Jerusalem,
693 408 723 432 et
736 403 851 432 urbium
868 402 967 439 Juda,

223 460 298 489 quas
312 451 491 489 despexisti?
504 452 564 492 Iste
582 451 648 489 jam
670 452 895 490 septuagesimus
910 460 967 479 nn-

226 507 279 526 nus
293 503 346 525 est.
362 496 438 534 Quid
454 497 560 536 igitur?
573 496 761 537 repudiavitne
779 498 852 537 Deus
871 496 970 526 oratio-

225 553 285 572 nem
318 543 430 583 angeli?
454 543 568 573 Minime
593 543 621 573 id
640 542 761 582 quidem.
784 542 859 581 Quid
885 542 970 583 igitur

225 589 345 629 responsi
355 589 429 619 dedit
440 590 454 619 ἶ)
467 591 639 630 Respondit,
656 590 756 629 inquit,
771 591 916 619 Dominus
930 590 970 618 ad

226 637 365 676 angelum
379 637 544 676 loquentem
555 639 587 666 in
600 639 747 667 meverba
760 637 967 673 consolatoria,

225 689 253 711 et
273 692 419 712 sermones
436 683 656 713 consolatorios.
676 683 854 714 obsecremus
867 693 931 722 ergo
944 690 970 713 et
980 697 1017 718 1014

225 738 273 757 nos
285 728 435 758 Dominum
447 729 615 769 angelorum,
629 736 656 759 et
668 729 769 769 legabit
778 739 864 759 unum
877 740 912 758 ex
920 739 970 758 an-
990 725 1008 748 Α

226 774 292 813 gelis
301 774 349 814 qui
360 782 442 804 totam
453 775 613 815 phalangem
623 776 741 805 hostium
749 775 900 815 dissipabit.
913 776 971 815 Ego

226 831 290 850 vero
302 827 328 851 et
343 821 476 861 picturam
492 832 527 851 ex
537 832 598 851 cera
611 822 707 851 factam
721 821 856 859 adamavi,
876 822 973 862 pietate

228 868 362 897 refertam.
383 868 415 897 In
437 867 553 907 imagine
570 868 629 898 vidi
643 868 780 908 angelum,
795 868 973 898 barbarorum

228 914 303 942 illam
319 914 418 944 nubem
436 914 633 954 profligantem,
655 914 714 944 vidi
735 914 864 943 barbaras
882 922 974 954 gentes

229 960 392 998 conculcari,
405 967 432 989 et
443 960 576 990 Davidem
586 971 648 990 vere
659 960 822 990 exclamare:
835 961 974 998 Domine,

230 1009 262 1036 in
283 1008 402 1037 civitate
415 1013 466 1036 tua
479 1008 635 1047 imaginem
649 1009 778 1046 ipsorum
794 1007 836 1036 ad
850 1008 976 1037 nihilum

230 1056 350 1094 rediges.
366 1054 420 1084 Sed
430 1060 456 1084 et
467 1065 538 1083 nunc
547 1054 641 1083 beatus
651 1053 741 1084 David
752 1053 786 1083 de
797 1054 874 1084 nobis
883 1054 955 1084 dicat
968 1068 975 1085 ε

232 1104 302 1131 Fiat
315 1104 369 1131 via
381 1102 507 1140 ipsorum
521 1102 646 1130 tenebroe
655 1108 683 1130 et
698 1101 845 1141 lapsus‚bet
855 1102 978 1142 angelus

232 1149 354 1177 Domini
365 1147 556 1187 persequatur
573 1148 658 1187 ipsos.
670 1147 744 1176 Deus
756 1146 845 1176 varias
858 1147 978 1177 occasio-

232 1204 287 1229 nes,
301 1200 330 1222 ut
344 1193 433 1222 hostes
445 1203 551 1232 pessum
564 1199 632 1228 eant,
643 1203 790 1232 procurare
802 1192 887 1222 novit.
901 1192 979 1222 Acies

232 1239 280 1268 illa
288 1239 478 1274 Sennacherib,
495 1238 565 1277 regis
580 1238 764 1277 Assyriorum,
786 1238 879 1277 ingens
900 1245 976 1275 erat,

231 1291 258 1314 et
275 1295 344 1313 unus
357 1284 467 1323 angelus
481 1284 583 1322 legatus
595 1290 701 1312 centum
714 1284 847 1323 octoginta
860 1283 979 1322 quinque

233 1331 318 1359 millia
339 1330 459 1359 hostium
471 1330 629 1369 prostravit.
647 1331 704 1360 Nos
717 1330 838 1359 homines
853 1330 979 1359 humanis

233 1377 382 1406 rationibus
403 1376 493 1406 omnia
513 1383 607 1406 eventa
628 1376 766 1411 metimur,
785 1375 979 1414 nobiscumque

233 1423 350 1452 dicimus
363 1436 370 1452 :
381 1423 467 1460 Quid,
481 1423 504 1452 si
515 1423 543 1451 in
556 1422 652 1452 nostris
665 1422 786 1462 partibus
800 1422 892 1452 nullus
901 1422 979 1451 miles

234 1469 387 1499 inveniatur
397 1469 411 1498 ἶ)
425 1468 502 1507 quid,
515 1468 538 1497 si
549 1468 708 1508 priusquam
719 1467 852 1497 exercitus
865 1467 921 1497 dux
932 1478 978 1497 ve-

234 1515 299 1550 niat,
315 1525 406 1544 omnes
421 1525 468 1544 nos
488 1514 646 1544 devastent?
659 1512 726 1552 quid
742 1513 892 1542 faciemus?
906 1514 979 1543 Num

235 1562 319 1601 igitur
341 1561 408 1600 quia
428 1568 457 1590 tu
478 1560 653 1600 praeveniris,
683 1559 860 1599 praevenietur
886 1560 980 1589 Deus?

235 1619 300 1637 num
313 1607 376 1646 quia
388 1614 417 1636 tu
428 1617 481 1635 non
492 1607 593 1645 ubique
603 1617 642 1642 es,
654 1607 727 1635 Deus
740 1615 792 1634 non
806 1605 907 1644 ubique
919 1607 979 1636 est?

235 1664 300 1683 num
320 1653 404 1692 igitur
423 1654 497 1682 Deus
515 1653 567 1681 hoc
580 1652 692 1690 quidem
710 1658 807 1691 potest,
830 1651 902 1681 illud
916 1663 981 1682 vero

235 1710 287 1729 non
302 1699 410 1739 potest?
422 1702 496 1728 Mare
510 1698 686 1727 inanimatum
697 1697 720 1726 ei
733 1697 943 1737 obtemperavit,
956 1706 982 1728 et

235 1746 362 1775 demersit
374 1758 381 1774 :
397 1745 471 1774 bruti
485 1745 571 1784 pisces
587 1754 643 1773 sese
657 1743 800 1783 capiendos
812 1745 890 1773 Petro
902 1745 981 1774 obtu-

236 1792 299 1828 lere,
319 1798 347 1820 et
369 1790 480 1830 angelus
490 1814 497 1826 ,
513 1790 535 1819 si
550 1791 623 1819 Deus
639 1790 763 1829 imperet,
778 1800 870 1819 omnes
885 1791 983 1820 verita-

236 1838 297 1866 tatis
314 1837 403 1866 hostes
418 1847 470 1866 non
483 1836 604 1865 funditus
617 1835 742 1865 delebit?
755 1836 811 1865 Nos
822 1843 927 1865 tantum
941 1847 983 1866 so·

235 1883 295 1912 brie
310 1889 336 1912 et
349 1882 467 1912 modeste
480 1882 605 1911 vivamus
619 1893 625 1910 ι
638 1888 741 1910 tantum
756 1882 844 1910 Deum
858 1893 983 1921 rogemus

237 1929 316 1967 cique
333 1928 525 1968 supplicemus.
543 1927 691 1967 Imperavit
714 1927 787 1966 apud
809 1934 912 1958 veteres
925 1928 983 1958 dux

237 1974 481 2015 praestantissimus,
497 1984 576 2012 quem
589 1984 639 2013 ego
658 1974 794 2003 communi
816 1975 923 2004 nominc
937 1974 983 2004 de-

238 2022 325 2060 signo,
342 2027 372 2049 ut
388 2020 514 2049 omnibus
529 2019 673 2048 innotescat
691 2031 697 2047 :
713 2020 774 2055 suit,
790 2021 912 2058 inquam,
927 2020 986 2050 dux

239 2067 448 2106 alienigenarum
460 2066 549 2096 Sisara
564 2078 570 2094 ε
584 2066 662 2105 cujus
676 2065 756 2094 etiam
770 2066 860 2096 David
875 2067 987 2096 mentio-

240 2124 300 2142 nem
313 2113 376 2142 facit
389 2124 395 2141 ι
409 2114 472 2141 Fac
491 2113 560 2150 ipsis
581 2112 655 2140 sicut
677 2113 804 2140 Madian
824 2119 852 2142 et
868 2113 984 2151 Sisaroe‚

240 2162 313 2190 sicut
331 2161 432 2189 Jabim
450 2161 481 2188 in
496 2165 622 2188 torrente
641 2160 752 2188 cisson.
771 2161 862 2190 Jabim
875 2161 986 2200 quidem
1003 2163 1023 2186 D

270 2265 281 2278 Φ
297 2255 348 2290 ἐγὼ
356 2260 394 2283 καὶ
406 2261 447 2286 τὴν
456 2261 589 2291 κηρόχυτον.
597 2256 645 2280 H'tc
656 2255 725 2280 locus
736 2255 844 2281 habetur
855 2258 881 2282 in
890 2257 996 2291 Synodo

237 2296 346 2322 secunda
358 2297 458 2321 Nicoenu
470 2296 525 2320 Act.
538 2296 563 2325 4,
575 2293 613 2319 his
627 2294 710 2319 verbis
724 2304 730 2318 z
745 2299 788 2328 ἐγὼ
800 2299 837 2322 καὶ
847 2302 889 2326 τὴν
899 2302 997 2332 κηρόχυ-

237 2348 276 2364 τον
286 2341 393 2369 ἡγάπησα
404 2339 492 2370 γραφὴν
503 2337 612 2364 εὐηθείας
623 2337 802 2370 πεπληρωμένην
811 2344 816 2349 “
829 2337 885 2361 εἶδον
901 2341 945 2371 γὰρ
957 2341 1000 2370 οἶγ-

238 2380 302 2409 *ssime
310 2379 331 2401 ἐν
343 2379 408 2401 εἰκόνι
417 2376 538 2400 ἐλαύνοντα
549 2376 673 2409 βαρὸάρων
679 2378 731 2407 νέφη
740 2373 806 2407 :Ego
818 2379 842 2398 el
851 2383 908 2398 cera
911 2375 999 2408 persu-

237 2424 292 2439 sam
304 2414 385 2439 dilexi
395 2414 519 2447 picturam
529 2414 623 2446 pietate
632 2412 737 2446 plenam
746 2422 753 2436 .·
765 2413 822 2437 vidi
837 2414 903 2438 enim
917 2423 997 2448 ange-

237 2455 288 2479 lum
301 2456 327 2479 in
347 2454 456 2487 imagine
469 2452 604 2486 pellentem
621 2451 781 2476 barbarorum
797 2461 896 2476 cuneos.
915 2454 998 2485 Pergit

236 2495 333 2518 Fronto
345 2494 449 2517 Ducaeus
459 2500 465 2514 t
477 2490 581 2516 «Altera
594 2491 769 2523 interpretatio
785 2490 885 2523 vulgata
900 2493 936 2516 sic
954 2493 997 2517 lna-

236 2531 306 2563 buit‚
320 2532 378 2565 Ego
392 2537 417 2555 et
428 2540 460 2555 ex
476 2539 534 2555 cera
543 2529 653 2562 fusilem
662 2530 803 2563 picturam,
816 2530 885 2563 quod
905 2533 997 2557 rectius

236 2580 312 2603 quam
331 2570 400 2604 quod
409 2568 477 2602 apud
488 2570 564 2594 Joan.
578 2569 761 2593 Damascenum
773 2569 845 2593 Orat.
858 2570 873 2594 3
885 2569 917 2593 de
930 2570 995 2595 imn-

240 2609 348 2642 ginibus‚
357 2618 488 2643 synceram
497 2608 660 2641 Scripturmn,
672 2613 715 2633 aut
726 2608 794 2641 apud
805 2609 963 2635 Hadrianum
974 2612 995 2642 1,

932 203 1070 226 lNcEnTt

1025 267 1071 294 τοῦ
1086 265 1197 305 ἀγγέλου
1210 277 1216 283 ·
1230 266 1312 306 Κύριε
1326 267 1522 308 παντοκράτορ,
1546 268 1594 301 ἕως
1616 267 1679 297 πότι
1701 269 1730 298 οὐ
1754 267 1791 308 μὴ

1026 310 1136 350 ἐλεήσῃς
1148 311 1197 347 τὴν
1211 311 1388 352 Ἰερουσαλὴμ.
1397 334 1405 349 ,
1419 313 1465 342 καὶ
1484 313 1530 347 τὰς
1543 314 1632 348 πόλεις
1647 314 1747 350 Ἰούδα,
1766 315 1795 348 ἃς

1026 357 1176 395 ὑπερεῖδεςς
1200 358 1288 387 Τοῦτο
1305 357 1501 396 ἑὸδομηκοστὸν
1516 359 1582 393 ἔτος.
1599 361 1635 390 Τί
1649 356 1713 396 οὗν;
1729 361 1794 390 ἀπε-

1025 401 1150 442 πέμψατο
1161 405 1176 432 ὁ
1189 403 1259 437 Θεὸς
1270 403 1319 440 ἰ-ἡν
1333 404 1477 444 πρεσὸείαν
1490 408 1536 436 τοῦ
1550 406 1678 446 ἀγγέλου;
1690 406 1738 442 Μὴ
1753 406 1796 446 γέ-

1027 459 1097 477 νοιτο
1107 460 1114 467 ·
1129 449 1197 478 ἀλλὰ
1218 449 1263 485 τίς
1282 449 1423 491 Ἀπεκρίθη
1434 472 1442 487 ,
1464 452 1546 492 φησὶ,
1567 451 1664 493 Κύριος
1676 452 1743 493 πρὸς
1752 452 1797 482 τὸν

1027 495 1137 533 ἄγγελον
1150 494 1194 524 τὸν
1205 497 1336 525 λαλοῦντα
1349 498 1375 526 ἐν
1391 498 1450 536 ἐμοὶ
1473 497 1581 538 ῥήματα
1592 498 1781 539 παρακλητικὰ
1789 521 1798 535 ,

1026 539 1072 569 καὶ
1084 540 1177 579 λόγους
1194 543 1419 582 παρακλητικούς.
1437 544 1672 584 Παρακαλέσωμεν
1688 545 1732 575 τὸν
1744 546 1798 574 τῶν

1027 586 1145 625 ἀγγέλων
1159 587 1309 625 Δεσπότην,
1325 589 1371 618 καὶ
1391 589 1438 619 ἕνα
1452 590 1562 630 ἄγγελον
1576 592 1731 626 ἀποστελεῖ,
1751 591 1797 620 καὶ

1027 636 1115 660 πᾶσαν
1131 634 1183 662 τῶν
1198 633 1323 663 ἐναντίων
1333 634 1381 671 τὴν
1395 635 1519 676 φάλαγγα
1533 637 1679 677 σκορπίσει.
1704 639 1716 654 ⁰
1726 637 1798 676 Ἐγὼ

1028 678 1072 707 καὶ
1086 678 1134 715 τὴν
1154 679 1302 719 κηρόχυτον
1321 681 1426 721 γραφὴν
1443 682 1572 722 ἠγάπησα
1593 682 1726 716 εὖσεὸείας
1747 695 1797 712 πε-

1027 723 1215 764 πληρωμένην.
1228 721 1307 755 Εἶδον
1321 728 1349 756 ἐν
1363 727 1443 756 εἷκόνι
1457 727 1567 767 ἄγγελον
1581 729 1724 758 ἐλαύνοντα
1734 730 1799 769 νέφη

1030 770 1181 810 βαρὸάρων,
1196 766 1264 800 εἶδον
1278 773 1432 812 πατούμενα
1446 774 1586 814 βαρὸάρων
1601 776 1684 815 φῦλα,
1698 774 1800 805 καὶτὸν

1028 815 1113 845 Δαυὶδ
1128 816 1305 853 ἀληθεύοντα·
1322 818 1420 859 Κύριε,
1438 821 1466 849 ἐν
1484 822 1518 859 τῇ
1538 820 1616 850 πόλει
1632 832 1679 850 σου
1698 821 1748 858 τὴν
1762 823 1797 851 εἰ·

1029 861 1094 891 κόνα
1107 864 1194 891 αὐτῶν
1208 863 1399 899 ἑξουδενώσεις.
1414 866 1522 906 Λεγέτω
1536 866 1581 897 καὶ
1595 870 1641 897 νῦν
1651 867 1713 908 περὶ
1725 869 1802 908 ἡμῶν

1031 909 1045 937 ὁ
1055 907 1183 948 μακάριος
1196 910 1293 940 Δαυίδ·
1303 912 1446 948 Γενηθήτω
1455 915 1472 949 ἡ
1487 913 1544 947 ὁδὸς
1556 914 1642 944 αὐτῶν
1654 914 1747 948 σκότος
1757 914 1803 944 καὶ

1031 954 1176 993 ὀλίσθημα,
1199 955 1245 985 καὶ
1263 956 1374 996 ἄγγελος
1387 958 1485 999 Κυρίου
1509 960 1681 990 καταδιώκων
1701 961 1804 994 αὐτούς.

1031 995 1111 1029 Οἶδεν
1125 1002 1139 1029 ὂ
1149 1001 1217 1035 Θεὸς
1230 1002 1367 1043 διαφόρους
1381 1005 1502 1045 ἀφορμὰς
1515 1001 1667 1047 παρασχεῖν
1680 1007 1745 1047 πρὸς
1755 1006 1805 1044 τὴν

1032 1047 1085 1075 τῶν
1096 1046 1231 1086 πολεμίων
1244 1049 1405 1090 καθαίρεσιν.
1417 1051 1510 1087 Πολλὴ
1525 1047 1556 1088 ἦν
1568 1055 1585 1088 ἡ
1599 1052 1745 1092 παράταξις
1758 1055 1804 1082 τοῦ

1033 1092 1206 1132 Σενναχηρὶμ
1215 1095 1345 1132 βασιλέως
1359 1098 1411 1125 τῶν
1424 1096 1576 1138 Ἀσσυρίων,
1588 1098 1633 1128 καὶ
1647 1094 1683 1132 εἷς
1694 1099 1804 1139 ἄγγελος

1033 1138 1192 1171 ἀποσταλεὶς
1207 1140 1300 1170 ἑκατὸν
1312 1142 1473 1181 ὀγδοήκοντα
1483 1143 1563 1174 πέντε
1571 1145 1694 1184 χιλιάδας
1708 1145 1805 1186 ἔστρω-

1035 1194 1089 1211 σεν.
1111 1182 1207 1222 Ἡμεῖς
1221 1187 1245 1214 οἱ
1259 1186 1393 1227 ἄνθρωποι
1408 1189 1579 1228 ἀνθρωπίνοις
1600 1191 1736 1230 λογισμοῖς
1758 1203 1806 1230 με-

1033 1231 1146 1268 τροῦμεν
1160 1229 1194 1258 τὰ
1206 1232 1384 1271 συμὸαίνοντα
1393 1257 1400 1271 ,
1424 1235 1469 1264 καὶ
1484 1235 1595 1275 λέγομεν
1608 1238 1666 1266 καθ’
1681 1237 1788 1270 ἑαυτούς
1800 1249 1806 1255 ·

1034 1274 1060 1303 τί
1072 1274 1189 1314 γίνεται,
1208 1277 1253 1306 ἐὰν
1269 1278 1306 1317 μὴ
1326 1282 1418 1320 εὑρεθῇ
1431 1281 1596 1321 στρατιώτης
1607 1284 1634 1312 ἐν
1647 1287 1702 1316 τοῖς
1713 1283 1806 1324 μέρεσι

1033 1321 1151 1358 τούτοις
1165 1322 1211 1352 ἐὰν
1223 1324 1285 1363 πρὶν
1301 1325 1318 1360 ἢ
1331 1326 1416 1366 φθάσῃ
1430 1329 1444 1356 ὁ
1456 1329 1618 1368 στρατηγὸς,
1630 1329 1731 1364 πάντας
1742 1341 1808 1370 πορ-

1035 1367 1149 1402 θήσωσι,
1163 1368 1190 1397 τί
1203 1373 1346 1409 ποιοῦμεν;
1359 1373 1406 1408 Μὴ
1416 1373 1468 1413 γὰρ
1475 1375 1566 1411 ἐπειδὴ
1575 1374 1607 1404 σὺ
1620 1377 1808 1417 προλαμὸάνῃ,

1035 1413 1080 1442 καὶ
1092 1414 1160 1447 Θεὸς
1174 1417 1405 1455 προλαμὸάνεταις
1430 1419 1467 1458 μὴ
1483 1419 1535 1460 γὰρ
1553 1421 1645 1457 ἐπειδὴ
1664 1422 1696 1451 σὺ
1716 1424 1765 1452 οὐκ
1784 1419 1810 1452 εἷ

1035 1464 1173 1500 πανταχοῦ
1185 1484 1192 1499 ,
1208 1462 1276 1496 Θεὸς
1294 1464 1342 1493 οὐκ
1358 1464 1416 1494 ἔστι
1429 1470 1581 1507 πανταχοῖἱ;
1597 1468 1635 1506 μὴ
1649 1468 1700 1509 γὰρ
1713 1469 1744 1499 τὸ
1758 1469 1806 1509 μὲν

1036 1505 1143 1535 δύναται
1157 1507 1241 1543 Θεὸς,
1255 1509 1285 1538 τὸ
1298 1509 1326 1539 δὲ
1338 1511 1368 1539 οὗ
1383 1511 1506 1549 δύναται;
1521 1513 1556 1543 ‘H
1573 1514 1676 1554 ἄψυχος
1685 1516 1807 1546 θάλασσα

1037 1550 1186 1587 ὑπήκουσε,
1200 1553 1246 1582 καὶ
1259 1554 1378 1585 ἐόύθισεν
1388 1568 1394 1575 ·
1407 1558 1431 1586 οἱ
1446 1557 1537 1598 ἄλογοι
1550 1559 1638 1599 ἰχθύες
1653 1560 1806 1597 ὑπήκουσαν

1037 1598 1070 1636 τῇ
1083 1596 1152 1637 ἄγρᾳ
1167 1597 1285 1639 Πέτρου·
1302 1601 1348 1630 καὶ
1365 1601 1489 1642 ἄγγελος,
1505 1603 1550 1634 ἐὰν
1564 1607 1691 1646 κελευσθῇ
1701 1628 1709 1642 ,
1731 1606 1809 1642 ὅλους

1038 1644 1086 1672 οὐκ
1098 1643 1221 1683 ἀφανίσει
1233 1646 1292 1680 τοὺς
1305 1647 1413 1688 ἐχθροὺς
1423 1651 1472 1684 τῆς
1485 1651 1626 1687 α’ληθείας;
1650 1653 1737 1682 Μόνον
1758 1654 1806 1689 νή·

1038 1690 1140 1728 ψωμεν,
1163 1690 1241 1729 μόνον
1261 1694 1500 1734 παρακαλέσωμεν,
1520 1697 1598 1735 μόνον
1616 1698 1805 1738 ἱκετεύσωμεν.

1039 1734 1166 1774 Ἐνόμισέ
1179 1748 1218 1770 τις
1239 1738 1266 1767 ἐν
1287 1743 1342 1773 τοῖς
1355 1741 1475 1780 ἀρχαίοις
1488 1743 1673 1783 στρατηλάτης
1685 1745 1791 1785 ἄριστος
1801 1758 1808 1766 ·

1038 1780 1109 1820 λέγω
1123 1782 1154 1818 δὴ
1164 1786 1244 1823 κοινῷ
1256 1785 1367 1824 ὀνόματι
1376 1809 1384 1823 ,
1396 1786 1440 1817 ἵνα
1452 1794 1519 1818 πᾶσι
1531 1789 1680 1826 κατάδηλος
1690 1791 1807 1831 γένηται·

1039 1827 1145 1866 ἐνόμισέ
1167 1840 1207 1862 τις
1231 1832 1378 1871 στρατηγὸς
1399 1835 1452 1863 τῶν
1473 1835 1627 1875 ἀλλοφύλων
1650 1839 1664 1866 ὁ
1687 1838 1792 1878 Σισάρα
1802 1850 1809 1857 ·

1041 1872 1174 1912 μέμνηται
1189 1875 1217 1904 δὲ
1228 1878 1308 1906 αὐτοῦ
1322 1878 1368 1907 καὶ
1381 1879 1466 1909 Δαυὶδ
1478 1880 1562 1920 λέγων
1570 1893 1577 1900 ·
1590 1882 1708 1918 Ποίησον
1722 1885 1810 1917 αὐτοῖς

1040 1921 1076 1952 ὡς
1089 1922 1122 1959 τῆ
1135 1921 1259 1960 Μαδιὰμ,
1278 1923 1323 1952 καὶ
1335 1926 1373 1963 τῷ
1391 1925 1509 1966 Σισάρᾳ,
1520 1928 1556 1961 ὥς
1569 1929 1607 1967 τῷ
1618 1927 1723 1968 Ἰαὸεὶμ
1735 1930 1762 1958 ἐν
1772 1931 1810 1969 τῷ

1040 1965 1178 2006 χειμάῤῥῳ
1200 1969 1318 1999 Κισσῶν.
1334 1969 1368 1999 Ὁ
1382 1970 1486 2012 Ἰαὸεὶμ
1500 1973 1623 2012 βασιλεὺς
1642 1970 1673 2011 ἦν
1694 1978 1748 2005 τῶν
1761 1978 1809 2006 ἅλ-

1039 2011 1170 2051 λοφύλων,
1180 2014 1306 2055 ὁΣισάρα
1315 2017 1534 2058 ἀρχιστράτηγος.
1548 2015 1602 2049 ’Ἦν
1616 2022 1688 2061 αὐτῷ
1704 2022 1810 2062 ἅρματα

1041 2058 1138 2097 σιδηρᾶ
1155 2059 1313 2098 ὀκτακόσια,
1334 2063 1379 2092 καὶ
1397 2065 1496 2100 πλῆθος
1516 2065 1633 2106 ἄπειρον.
1645 2068 1782 2107 Ἐφοὸήθη
1797 2071 1811 2098 ὁ

1041 2107 1104 2141 λαὸς
1114 2110 1166 2138 τῶν
1182 2109 1325 2147 Ἰουδαίων,
1337 2108 1390 2143 εἶδε
1402 2114 1432 2144 τὸ
1442 2114 1517 2155 νέφος
1526 2139 1534 2153 ,
1548 2116 1592 2146 καὶ
1604 2116 1700 2158 ἔφριξε.
1715 2119 1752 2148 Τί
1765 2114 1808 2148 οὗν

1042 2161 1056 2189 ὁ
1070 2160 1250 2201 φιλάνθρωπος
1263 2164 1332 2197 Θεὸς
1343 2164 1414 2203 λέγει
1426 2165 1468 2195 διὰ
1480 2168 1528 2202 τῆς
1540 2168 1700 2208 προφήτιδος
1715 2169 1809 2199 Δεὸὠ-

1047 2258 1106 2292 Ego
1115 2264 1138 2283 et
1148 2268 1205 2284 cera
1214 2261 1324 2294 infusam
1336 2262 1420 2287 dilexi
1424 2264 1558 2298 imaginem
1565 2275 1576 2297 ,-
1584 2264 1628 2291 a‘ut
1635 2265 1811 2292 hoclocoBeu-

1048 2305 1130 2330 retus,
1142 2298 1298 2333 Scriptumm
1311 2310 1376 2326 certe
1386 2303 1539 2337 impressam.
1552 2304 1647 2330 Graecis
1663 2304 1730 2330 enim
1742 2317 1811 2340 κηρο-

1049 2342 1133 2373 γραφὶα
1144 2340 1244 2372 pictura
1256 2347 1294 2365 est
1303 2360 1309 2372 ‚
1321 2350 1378 2375 quae
1390 2341 1420 2366 fit
1432 2350 1464 2367 ex
1480 2342 1552 2368 ceris.
1565 2342 1687 2369 Solebam
1702 2345 1769 2369 enirn
1780 2353 1810 2369 ex

1050 2378 1112 2403 ceris
1123 2380 1238 2413 pingere,
1248 2390 1279 2406 ac.
1293 2381 1446 2414 scripturam
1463 2384 1570 2413 inurere,
1579 2388 1608 2407 ut
1624 2382 1700 2408 docet
1718 2383 1812 2409 Plinius

1049 2419 1066 2442 l.
1077 2419 1156 2449 35,c.t
1164 2421 1172 2444 l
1181 2419 1262 2445 :Curis
1268 2422 1372 2455 pingent
1383 2431 1414 2446 ac
1423 2423 1571 2455 scripturam
1577 2422 1682 2452 inurere,
1692 2424 1749 2456 quis
1756 2424 1799 2455 pri

1047 2466 1099 2482 mus
1112 2461 1305 2492 excogitaverit,
1319 2469 1371 2484 non
1383 2466 1495 2485 constat:
1509 2461 1614 2494 quidam
1632 2461 1758 2486 Aristidis
1773 2463 1811 2486 in-

1048 2503 1144 2523 ventum
1162 2505 1255 2532 putant
1264 2509 1272 2523 .·
1289 2505 1314 2524 et
1325 2499 1373 2526 lib.
1392 2501 1431 2532 Η,
1444 2508 1500 2533 cap.
1515 2502 1560 2532 ⁴4,
1573 2500 1661 2525 scribit
1672 2509 1757 2526 ceram
1768 2509 1813 2526 va-

1048 2537 1097 2561 rios
1107 2539 1132 2563 in
1143 2537 1239 2563 colores
1248 2540 1381 2573 pigmentis
1394 2538 1461 2563 trahi
1471 2537 1505 2563 ad
1517 2538 1659 2564 reddendas
1670 2539 1813 2565 similitudi-

1047 2587 1097 2611 nes,
1110 2577 1174 2603 unde
1186 2586 1317 2613 κηροχυτεῖν
1327 2583 1365 2602 e<t
1376 2577 1574 2610 ceramfimdem
1590 2584 1613 2603 et
1629 2578 1752 2613 liquare.»
