1904 2840
0 675 85 699 naas.
99 682 134 705 ¹7-

33 1822 126 1839 nxxxm

598 174 631 197 ΙΝ
657 173 867 197 ΜΑΊΤΗΕΠΜ.
897 173 1014 197 nomn„
1043 175 1115 197 XVI.

146 238 246 268 bonum
258 246 311 266 non
327 236 416 266 sentit.
433 237 493 266 Non
506 236 586 265 sentit
595 258 602 272 ‚
616 235 694 271 dico,
709 245 762 265 non
775 235 859 264 nescit
873 246 880 263 :
899 237 920 260 Α

145 277 196 307 scit
207 283 295 305 autem
305 298 313 312 ,
333 275 380 305 sed
393 285 445 304 non
458 275 537 305 sentit
555 276 657 304 bonum
673 275 785 315 justitiae
796 297 803 310 ,
819 275 884 313 quia

145 326 194 345 nec
207 315 354 345 delectatur
372 315 399 344 in
415 325 448 344 eo
461 327 469 345 ι
482 322 697 355 praeoccupatum
714 314 786 343 euim
806 314 886 343 habet

144 366 192 385 cor
205 355 274 385 circa
286 354 488 384 delectationem
510 361 653 384 terrenam.
669 355 719 383 25.
744 354 778 382 Si
788 360 886 382 autem

144 395 246 424 oculus
257 401 324 424 tuus
335 404 461 434 nequam
463 395 573 436 suerit,
587 400 677 423 totum
690 403 793 433 corpus
805 399 886 422 tuum

146 436 327 464 tenebrosum
346 436 412 463 erit.
435 435 503 471 Quae
522 440 585 463 sunt
604 434 632 462 in
650 433 728 462 nobis
754 432 886 462 tenebrae?

144 474 245 504 Sensus
263 473 397 510 carnales,
413 473 543 509 malevoli
564 480 589 502 et
602 472 708 511 iniqui,
720 472 768 511 qui
781 482 886 512 semper

144 512 297 543 desiderant
331 523 370 542 uae
389 520 451 543 sunt
461 513 641 548 tenebrarum,
655 519 683 541 et
695 522 747 542 non
759 512 839 540 lucis.
851 512 884 541 Iu

144 563 198 591 qno
211 553 283 582 enim
303 564 318 582 a
333 553 357 581 ὀ
379 552 526 582 delectatur
547 553 634 581 carnis
658 558 768 587 natura,
786 551 838 580 nisi
856 551 885 580 in

145 592 268 629 avaritia,
284 593 310 621 in
324 592 448 628 libidine,
464 592 491 621 in
505 592 640 632 superbia,
651 591 681 620 in
692 591 797 620 deliciis
807 613 815 625 ‚
829 601 892 619 cae-

144 632 260 671 terisque
273 632 361 666 malis,
376 642 436 670 quae
449 631 484 660 ad
497 632 662 661 tenebrosam
671 638 784 660 mortem
795 629 884 659 dedu-

145 672 229 701 cunt?
243 672 278 701 Et
289 671 336 711 qui
351 671 478 718 intelligit
489 671 558 710 quid
571 678 621 707 est,
635 670 708 709 quod
724 671 799 700 Caro
814 679 882 698 con-

145 713 267 750 cupiscit
288 712 427 740 adversus
448 712 595 749 spiritum,
615 710 662 739 ille
676 709 802 748 intelligit
820 709 884 748 quia

146 751 260 780 tenebrae
269 757 333 780 sunt
340 751 428 780 carnis
435 750 597 787 natura.Qui
609 759 672 789 ergo
685 749 793 778 oculum
803 748 885 778 habet

144 790 295 826 mundum,
317 789 346 819 id
367 797 422 826 est,
437 796 551 818 mentem
570 789 754 829 spiritualem,
770 788 884 818 caelestia

144 840 248 869 semper
260 830 441 870 aspicientem,
450 839 549 868 corpus
559 839 640 857 suum
647 835 735 858 servat
748 828 881 864 lucidum,
898 834 916 857 B

144 869 174 898 id
186 877 235 905 est,
247 870 304 899 sine
318 876 434 909 peccato.
446 869 476 899 Si
486 869 558 897 enim
568 878 630 897 caro
640 867 773 897 desiderat
783 878 813 897 ea
824 878 883 906 quae

143 908 265 938 diximus
286 908 374 942 mala,
396 907 544 937 secundum
557 918 634 937 suam
655 914 778 937 naturam
802 908 884 936 homo

143 948 244 978 hahens
258 955 372 978 mentem
383 947 512 984 lucidam,
527 954 553 976 et
563 958 638 986 spem
649 947 685 976 ad
700 948 796 982 Deum,
806 947 884 987 justi-

141 987 186 1018 tiae
198 987 406 1017 consideratione
418 986 550 1024 diiudicat
560 997 630 1023 eam,
641 994 667 1016 et
679 986 767 1016 divini
781 986 884 1015 timoris

142 1027 244 1057 virtute
256 1027 402 1068 repercutit
413 1025 472 1056 eain
485 1039 491 1055 ε
507 1033 532 1055 et
545 1026 583 1055 sic
613 1027 718 1056 uamvis
732 1026 864 1055 nolentem
875 1048 882 1060 ,

143 1073 231 1096 tamen
244 1074 333 1097 servat
350 1077 408 1096 eam
422 1065 540 1095 lucidam
551 1088 559 1100 ‚
583 1037 613 1094 id
626 1073 681 1102 est,
697 1066 754 1095 sine
766 1073 883 1105 peccato.

144 1106 305 1136 Intellexisti
327 1116 393 1144 ergo
404 1129 412 1142 ,
435 1105 570 1144 quomodo
594 1105 642 1143 qui
667 1105 777 1134 oculum
804 1105 885 1134 habet

142 1146 308 1186 simplicem,
333 1156 433 1185 corpus
455 1155 534 1174 snum
561 1144 684 1174 lucidum
705 1144 785 1174 habet
807 1157 813 1173 ε
835 1145 884 1183 qui

142 1193 230 1214 autem
241 1185 360 1220 oculum,
373 1185 402 1214 id
415 1192 453 1214 est
472 1191 586 1213 mentem
599 1184 679 1214 habet
700 1191 746 1213 aut
759 1184 884 1223 maligni-

141 1231 195 1254 tate
217 1225 307 1264 aliqua
330 1225 496 1254 tenebrosam
505 1246 513 1261 ‚
537 1231 584 1253 aut
605 1223 763 1254 divitiarum
786 1234 883 1253 concu-

142 1264 270 1304 piscentia
282 1264 464 1294 turbulentam
474 1285 482 1300 ,
503 1264 672 1293 tenebrosum
689 1263 808 1303 possidet
823 1273 882 1292 cor-

142 1304 214 1343 pus?
241 1305 309 1333 Nam
337 1314 396 1342 quae
425 1314 467 1333 res
492 1303 593 1332 faciunt
623 1310 738 1332 mentem
765 1302 882 1331 hominis

141 1343 308 1382 spiritualem
328 1353 384 1372 csse
404 1342 549 1379 mundam,
562 1342 633 1382 jpsae
653 1353 695 1371 res
717 1353 751 1372 ex
772 1341 880 1371 diverso

139 1382 239 1412 faciunt
251 1382 386 1412 carnalem
403 1389 429 1412 et
440 1382 587 1411 sordidam.
604 1382 747 1419 Quomodo
757 1381 788 1410 fit
797 1392 880 1410 mun-

138 1421 174 1451 da
187 1433 261 1451 mens
275 1422 367 1458 illius,
390 1422 444 1461 qui,
461 1422 523 1451 facit
545 1422 724 1461 eleemosynas
736 1444 744 1457 ,
764 1429 790 1450 et
803 1431 878 1460 spem
894 1428 912 1452 c

138 1461 219 1491 babet
241 1462 269 1491 in
284 1462 370 1497 caelo,
389 1472 449 1501 spes
469 1468 558 1491 autem
578 1461 606 1490 in
626 1462 714 1490 Deum
726 1461 789 1490 facit
802 1471 877 1490 men-

137 1507 192 1530 tem
219 1501 386 1541 spiritualem
407 1507 434 1530 et
455 1500 584 1530 mundam
606 1512 614 1528 z
633 1500 672 1529 sic
699 1500 747 1538 qui
768 1500 879 1529 divitias

137 1547 279 1580 congregat
292 1551 355 1569 cum
368 1546 475 1582 peccato
484 1562 492 1575 ,
507 1550 582 1579 spem
595 1549 671 1568 suam
689 1539 765 1578 ponit
783 1539 811 1567 in
825 1545 877 1567 ter-

137 1590 167 1608 ra
183 1591 190 1608 t
206 1580 254 1617 qui
269 1586 358 1608 autem
374 1589 448 1618 spem
467 1579 546 1608 habet
560 1579 587 1607 in
610 1585 699 1614 terra,
714 1578 791 1607 illius
803 1588 878 1607 mens

137 1618 252 1647 carnalis
273 1625 312 1647 est
331 1625 358 1647 et
378 1618 528 1647 immunda.
551 1617 631 1647 Illius
653 1627 717 1656 ergo
739 1623 793 1646 tota
817 1627 877 1646 caro

137 1657 165 1686 in
186 1658 302 1687 tenebris
324 1664 381 1692 est,
401 1657 429 1686 id
445 1664 497 1693 est,
522 1657 549 1686 in
571 1657 696 1696 peccatis.
712 1656 876 1693 Quomodo?

136 1697 252 1734 Quando
278 1697 349 1726 enim
373 1707 435 1726 caro
460 1696 608 1726 secundum
634 1706 709 1725 suam
735 1702 856 1725 naturam
866 1719 874 1733 ‚

135 1737 205 1765 sicut
223 1736 342 1765 diximus
353 1759 360 1773 ‚
374 1736 538 1776 concupiscit
552 1746 677 1776 perversa
688 1758 696 1770 ,
709 1736 790 1764 homo
801 1746 876 1775 spem

136 1775 236 1805 habeus
255 1776 282 1805 in
296 1783 366 1805 terra
377 1798 384 1811 ‚
399 1783 426 1805 et
445 1783 559 1805 mentem
580 1775 802 1814 concupiscentiis
820 1782 877 1804 tur·

134 1815 270 1844 buleutam
279 1837 288 1852 ‚
303 1826 354 1845 non
368 1816 392 1844 ei
407 1815 565 1845 contradicit
574 1837 581 1849 ‚
595 1825 643 1844 nec
657 1814 768 1853 justitiae
787 1815 874 1844 consi-

133 1853 270 1884 deratione
288 1854 430 1895 dijudicat,
445 1865 494 1884 nec
510 1854 607 1894 judicii
619 1854 703 1883 futuri
718 1854 816 1883 virtute
831 1865 874 1883 re—

168 1895 248 1923 rcutit
269 1907 276 1923 ε
298 1894 362 1933 quia
382 1905 430 1924 nec
453 1894 527 1924 videt
551 1905 612 1923 cum
636 1894 670 1923 sit
696 1904 782 1923 caecus
792 1916 799 1930 ,
827 1903 873 1923 nec

133 1934 260 1973 intelligit
272 1945 329 1963 esse
347 1934 447 1963 malum
462 1933 536 1973 quod
549 1934 648 1963 malum
663 1940 711 1968 est,
722 1940 747 1962 et
758 1933 780 1961 si
793 1933 852 1962 vult
865 1956 873 1971 ‚

132 1983 184 2002 non
200 1980 301 2013 potest,
316 1973 380 2012 quia
392 1982 468 2018 spem
481 1984 532 2003 non
554 1973 634 2002 habet
654 1973 705 2001 nisi
721 1972 749 2001 in
762 1973 869 2002 saeculo.
912 1984 914 1986 ·

131 2013 236 2043 Scimus
250 2019 338 2042 autem
352 2024 415 2052 quia
427 2023 487 2053 spes
500 2013 579 2042 nohis
598 2019 704 2052 praestat
724 2012 851 2042 virtutem
863 2036 870 2049 ,
888 2018 908 2042 Ι)

132 2058 162 2081 ut
188 2052 341 2082 carnalibus
364 2063 447 2090 qoncu
468 2052 586 2082 iscentiis
615 2052 769 2081 resistamus
793 2063 801 2079 .-
825 2053 873 2091 qui

130 2099 219 2121 autem
243 2102 316 2131 spem
338 2102 390 2121 non
414 2064 494 2121 haliet
516 2092 544 2121 in
566 2093 631 2121 caelo
643 2114 650 2128 ‚
674 2092 801 2127 virtutem
819 2102 871 2121 non

131 2130 212 2160 habet
233 2131 354 2160 resistere
377 2132 599 2171 concupiscentiis
622 2131 678 2160 suis
689 2154 696 2167 ‚
722 2137 749 2159 et
769 2130 828 2160 ideo
841 2132 872 2160 fit

132 2180 193 2199 caro
204 2170 280 2198 illius
293 2177 346 2199 tota
361 2171 508 2200 tenebrosa.
525 2171 560 2200 Et
574 2178 604 2200 ut
615 2171 726 2199 brevius
739 2177 765 2198 et
785 2171 871 2201 mani-

131 2209 224 2238 festius
235 2219 416 2248 exponamus:
428 2210 515 2238 anima
529 2210 686 2249 priusquam
706 2216 810 2248 peccet,
827 2209 872 2238 di-

132 2248 194 2277 vino
207 2248 310 2276 anxilio
323 2248 478 2283 confortata,
493 2249 583 2287 regina
603 2256 628 2278 et
640 2248 748 2277 domina
762 2255 801 2277 est
810 2259 870 2278 cor-

131 2288 205 2327 poris
217 2288 270 2323 sui,
285 2294 311 2316 et
322 2287 398 2326 quasi
412 2287 495 2316 libera
507 2294 531 2316 et
545 2288 635 2326 regina
647 2287 721 2316 sedet
733 2287 760 2315 in
775 2288 871 2316 throno

130 2327 220 2356 cordis
230 2327 273 2356 sui
283 2349 292 2362 ,
306 2334 330 2356 et
351 2327 483 2365 gubernat
496 2337 593 2366 corpus
605 2337 683 2355 snum
699 2326 775 2365 quasi
794 2327 870 2366 pala-

131 2367 201 2395 tium
213 2377 306 2401 suum,
319 2376 367 2395 nce
380 2373 465 2405 potest
477 2365 552 2394 illam
566 2365 673 2394 vincere
686 2375 757 2394 caro.
778 2367 807 2395 Si
821 2377 872 2395 au-

131 2411 184 2434 tem
216 2405 325 2435 ravibus
339 2416 366 2434 se
381 2405 495 2445 peccatis
505 2403 680 2443 obligaverit,
695 2412 759 2434 tunc
777 2405 870 2435 divino

131 2415 234 2473 auxilio
255 2445 399 2480 destituta,
422 2451 446 2473 et
470 2444 497 2473 in
519 2450 646 2483 potestate
659 2455 672 2473 s
692 2444 804 2474 irituum
819 2445 869 2484 im-v

131 2483 292 2512 mundorum
314 2484 431 2520 redacta,
447 2484 477 2512 fit
491 2483 590 2512 debilis
604 2490 630 2512 et
642 2455 758 2521 infirma,
776 2491 803 2513 ut
817 2494 869 2514 non

129 2523 184 2560 jam
198 2522 233 2552 sit
245 2522 354 2552 domina
367 2523 486 2563 corporis
496 2523 550 2559 sui,
562 2522 608 2552 sed
619 2523 715 2552 ancilla
730 2524 813 2564 magis
827 2537 832 2552 z
844 2531 870 2554 et

128 2562 184 2600 jam
197 2571 248 2590 non
262 2572 323 2591 caro
333 2565 426 2591 animae
436 2562 552 2602 subjecta
565 2569 614 2599 est,
627 2561 674 2592 sed
684 2562 772 2593 anima
783 2563 867 2600 carni,

1616 165 1684 211 817

940 245 988 264 nec
1001 236 1076 274 quod
1089 236 1150 266 vult
1162 235 1269 273 anima,
1294 246 1355 266 caro
1369 236 1450 272 facit,
1469 236 1517 267 sed
1537 237 1611 276 quod
1624 248 1686 268 caro

940 276 1074 343 coegerit,
1096 275 1146 305 hoc
1159 275 1247 304 anima
1259 276 1334 305 facit.
1349 276 1509 306 Intellexisti
1520 288 1582 316 ergo
1595 300 1602 314 ‚
1617 288 1685 316 quo-

940 325 984 343 mo
1004 325 1020 343 o
1040 314 1087 354 qui
1113 315 1223 344 oculum
1245 316 1340 345 mentis
1361 316 1502 345 sordidum
1528 316 1628 354 habet,
1643 324 1685 347 to-

940 360 998 382 tum
1012 364 1110 394 corpus
1124 355 1199 383 illius
1212 355 1384 384 tenebrosum
1396 356 1456 385 est?
1476 356 1508 385 Si
1522 363 1620 386 autem
1637 357 1686 386 lu·-

941 403 1017 428 men,
1030 395 1111 433 quod
1122 396 1155 422 in
1168 401 1196 423 te
1209 401 1262 430 est,
1280 397 1402 424 tenebroe
1415 402 1494 431 sunt,
1509 397 1578 430 ipsoe
1605 403 1685 425 tene·

943 434 1002 461 brae
1024 439 1142 473 quantae
1164 437 1252 463 sunt?
1281 434 1358 464 Sicut
1379 445 1459 474 supra
1478 434 1618 472 diximus,
1642 443 1685 465 te-

940 472 1051 502 nebrosa
1070 480 1109 503 est
1126 483 1230 513 semper
1243 474 1359 503 carnalis
1374 481 1486 510 natura,
1501 475 1564 513 quia
1579 485 1685 515 semper

938 512 1073 550 peccatrix
1101 520 1140 542 est
1162 524 1169 541 z
1191 512 1239 542 etsi
1264 523 1317 542 non
1353 521 1458 553 peccet,
1488 514 1686 544 contradicente

939 551 991 580 sibi
1015 552 1118 588 anima,
1141 559 1229 581 tamen
1251 559 1320 581 recte
1342 553 1477 592 peccatrix
1497 561 1522 583 et
1546 554 1685 584 tenebrosa

937 597 1067 628 vocatur,
1082 592 1145 630 quia
1165 602 1269 631 semper
1289 591 1369 621 habet
1388 597 1450 621 caro
1471 593 1597 633 peccandi
1619 601 1683 634 pro-

938 629 1071 669 positum,
1096 638 1124 660 ut
1144 631 1296 669 frequenter
1316 632 1395 661 etiam
1413 633 1492 672 justa:
1512 633 1607 662 animae
1622 644 1683 663 sur-

939 676 1031 709 repat,
1052 677 1082 700 ut
1101 670 1175 709 quod
1198 681 1278 699 suum
1302 678 1341 700 est
1364 678 1434 710 agat.
1457 672 1526 709 Quis
1548 672 1620 701 enim
1644 680 1684 702 est
1713 694 1717 698 «

937 709 975 738 ita
999 709 1105 746 fidelis,
1132 710 1180 749 qui
1203 720 1351 749 numquam
1376 711 1419 740 vel
1445 722 1479 741 ex
1505 718 1579 751 parte
1601 719 1640 741 est
1667 723 1683 742 a

937 758 1015 778 carne
1027 749 1135 779 victus?
1147 750 1182 779 Et
1201 750 1224 778 si
1238 757 1296 785 est,
1310 760 1388 779 rarus
1400 757 1450 780 est.
1465 753 1569 781 Lumen
1593 758 1682 781 autem

937 795 976 817 est
988 788 1016 817 in
1028 789 1120 825 corde,
1135 789 1204 819 sicut
1215 791 1271 829 jam
1284 790 1436 828 frequenter
1456 790 1581 827 audistis,
1593 791 1682 821 anima

937 828 1024 857 Deum
1043 828 1157 866 videns,
1182 828 1212 858 id
1232 836 1287 864 est,
1309 829 1468 869 spiritualis.
1492 831 1522 860 Si
1544 841 1609 870 ergo
1623 831 1682 870 ipsa

936 867 1036 903 anima,
1051 868 1144 898 divina
1157 871 1220 897 cum
1232 869 1284 905 sit,
1300 875 1325 898 et
1338 868 1400 898 data
1418 877 1458 899 est
1475 869 1510 898 ad
1521 870 1681 900 illuminan-

937 906 1004 935 dum
1017 907 1093 936 illam
1105 918 1222 944 carnem,
1238 908 1285 937 fiat
1297 909 1374 946 quasi
1387 909 1513 945 carnalis,
1527 917 1552 938 et
1570 910 1683 939 terrenis

937 947 1160 987 concupiscentiis
1187 948 1415 982 contenebrescat,
1450 955 1554 978 terrena
1578 959 1683 989 semper

936 986 1082 1025 aspiciens,
1094 987 1169 1015 illius
1181 987 1242 1016 talis
1257 987 1375 1016 hominis
1393 998 1455 1017 caro
1465 988 1521 1028 jam
1537 987 1601 1018 vide
1614 999 1682 1027 quo-

936 1025 1017 1054 modo
1027 1026 1147 1056 involuta
1159 1026 1227 1055 sitin
1238 1027 1353 1056 tenebris
1363 1035 1543 1067 peccatorum.
1556 1028 1586 1057 Si
1597 1029 1680 1063 enim,

936 1064 1006 1094 sicut
1027 1065 1166 1101 diximus,
1186 1066 1212 1094 in
1235 1066 1294 1095 viro
1312 1066 1387 1105 justo
1410 1066 1607 1096 contradicente
1630 1062 1683 1098 sn‘bi

936 1104 1061 1134 rationali
1079 1105 1183 1141 anima,
1197 1116 1302 1145 semper
1319 1116 1382 1135 caro
1395 1107 1508 1146 surripit
1525 1107 1621 1136 animae
1632 1129 1640 1143 ‚
1656 1114 1682 1137 et

935 1144 1009 1181 quod
1021 1155 1100 1174 suum
1110 1152 1149 1174 est
1160 1145 1215 1184 agit
1227 1156 1233 1173 :
1245 1145 1352 1183 quantis
1364 1153 1440 1185 putas
1453 1146 1480 1175 in
1492 1146 1600 1176 homine
1611 1147 1682 1176 rnalo

936 1182 1123 1222 iniquitatibus
1134 1195 1162 1214 se
1176 1184 1296 1214 involvet
1310 1195 1384 1220 caro,
1397 1185 1505 1224 quando
1520 1186 1607 1215 anima
1621 1197 1681 1225 quae

935 1223 1118 1253 contradicere
1131 1224 1172 1253 illi
1187 1224 1327 1260 debuerat,
1343 1225 1473 1255 consentit
1483 1226 1518 1262 ci,
1529 1226 1680 1255 consimilia

934 1263 1144 1302 concupiscens?
1157 1265 1207 1293 Per
1217 1264 1326 1293 alteram
1336 1264 1446 1303 quidem
1457 1266 1583 1305 speciem⁷
1593 1272 1680 1294 tamen

934 1301 1057 1331 eumdem
1067 1313 1174 1332 sensum
1182 1303 1293 1342 exponit
1303 1305 1398 1341 Lucas,
1409 1304 1527 1344 primum
1539 1305 1679 1334 mandans:

934 1341 1033 1371 Nolite
1045 1343 1154 1378 timere,
1166 1343 1293 1382 pusillus
1311 1354 1399 1383 grex,
1417 1346 1489 1383 quia
1505 1345 1680 1384 complacuit
1694 1352 1831 1377 Luc.12.32.

932 1381 1020 1410 Patri
1026 1387 1124 1411 vestro
1140 1383 1212 1411 dare
1221 1384 1305 1412 vobis
1319 1393 1451 1422 regnum.
1465 1385 1496 1413 V
1492 1385 1589 1413 endite
1602 1386 1682 1424 quod
1690 1384 1730 1407 33.

930 1421 1095 1458 possidetis,
1108 1429 1137 1451 et
1151 1423 1220 1451 date
1238 1422 1455 1460 eleemosynam
1468 1436 1475 1451 .-
1483 1424 1583 1462 facite
1594 1426 1679 1453 vobis

933 1461 1075 1496 sacculos,
1088 1464 1140 1500 qui
1152 1472 1209 1490 non
1226 1467 1424 1498 veterascunt,
1438 1463 1604 1492 thesaurum
1620 1474 1680 1492 non

933 1499 1113 1538 deficientem
1127 1502 1158 1528 in
1173 1500 1262 1535 coelo,
1279 1508 1305 1530 et
1316 1508 1419 1530 caetera.
1434 1501 1537 1531 Deinde
1548 1503 1603 1538 ait,
1615 1503 1678 1532 Sim
1690 1510 1779 1533 Ibida.
1790 1510 1829 1534 35.

934 1537 1028 1566 lumbi
1035 1540 1127 1567 vestri
1137 1541 1300 1578 proecincti,
1311 1546 1339 1568 et
1351 1541 1477 1569 lucerna:
1489 1542 1635 1577 ardentes,
1650 1549 1679 1572 et
1688 1541 1729 1565 3⁶-

932 1586 986 1606 νος
992 1578 1101 1606 similes
1108 1579 1275 1607 hominibus
1283 1581 1517 1617 exspectantibus
1528 1576 1679 1612 do‘minum

932 1625 1027 1652 suum.
1042 1618 1162 1656 quando
1177 1624 1342 1647 revertatur
1361 1628 1380 1647 a
1395 1620 1501 1658 nuptiis
1512 1631 1523 1648 .-
1538 1620 1678 1651 ostendens

932 1655 996 1693 quia
1011 1666 1087 1685 nemo
1127 1663 1193 1685 otest
1215 1657 1315 1686 habere
1335 1657 1443 1687 lumbos
1464 1659 1619 1698 pra-cinctos
1642 1660 1678 1690 ad

931 1695 1082 1724 exeundum
1114 1706 1128 1724 e
1141 1696 1192 1725 hoc
1204 1696 1316 1732 mundo,
1331 1707 1380 1726 nec
1393 1697 1515 1726 lucernas
1534 1698 1656 1729 ardentes
1668 1723 1675 1736 ,

931 1744 978 1763 nec
993 1742 1146 1774 exspectare
1159 1735 1298 1765 dominum
1313 1746 1410 1773 suum,
1430 1737 1480 1765 nisi
1495 1737 1541 1776 qui
1554 1738 1675 1769 vendunt

930 1773 1003 1811 quod
1017 1774 1126 1809 habent,
1140 1781 1165 1804 et
1178 1774 1243 1804 dant
1254 1775 1444 1815 eleemosynas,
1461 1783 1487 1805 et
1507 1778 1609 1807 faciunt
1623 1779 1676 1808 sibi

929 1813 1048 1843 sacculos
1062 1815 1109 1853 qui
1124 1825 1175 1843 non
1191 1822 1373 1852 veterascunt,
1395 1823 1421 1845 et
1440 1816 1596 1846 thesaurum
1620 1828 1674 1847 non

929 1851 1095 1883 deficientem
1107 1854 1135 1883 in
1150 1854 1226 1888 caelo.

1088 1960 1220 1989 Homilin
1233 1961 1295 2000 xvj.
1314 1971 1349 1989 ex
1364 1963 1459 2001 capite
1477 1963 1515 2002 vj.

968 2051 1018 2085 24.
1027 2050 1118 2078 Nemo
1126 2056 1221 2089 potest
1230 2051 1342 2080 duobus
1352 2052 1477 2081 dominis
1488 2055 1595 2083 ser-vire
1601 2066 1611 2089 ‚·
1622 2057 1823 2084 autL11c.16.13.

927 2091 1004 2118 enim
1019 2100 1107 2118 unum
1123 2090 1189 2118 odio
1202 2091 1332 2126 habehit,
1350 2097 1377 2120 et
1391 2092 1518 2122 alterum
1543 2094 1645 2133 diliget
1663 2107 1670 2123 .-

927 2135 979 2157 aut
998 2139 1088 2158 unum
1109 2131 1277 2166 sustinebit,
1298 2137 1328 2165 et
1348 2131 1473 2160 alterum
1494 2139 1668 2163 contemnet.

927 2168 1076 2200 Videamus
1095 2169 1122 2198 in
1135 2169 1246 2207 primis,
1266 2170 1401 2208 quomodo
1415 2171 1485 2200 dicta
1498 2172 1671 2211 praecedentia

926 2208 1124 2246 subsequantur
1135 2209 1215 2237 verba
1231 2211 1380 2249 praesentia.
1400 2210 1531 2250 Superius
1544 2212 1672 2251 praecepit

926 2247 1106 2287 eleemosynas
1125 2248 1222 2284 facere,
1233 2248 1343 2277 dicens:
1364 2250 1570 2278 Thesaurizate
1583 2252 1670 2279 vobis

927 2287 1076 2316 thesauros
1094 2289 1126 2316 in
1140 2288 1229 2323 caelo,
1245 2288 1372 2327 quoniam
1387 2289 1434 2326 qui
1452 2289 1670 2318 thesaurizaverit

925 2325 1064 2356 thesauros
1076 2327 1129 2356 sibi
1142 2326 1170 2355 in
1184 2327 1248 2356 caelo
1259 2349 1266 2362 ‚
1283 2327 1329 2355 ille
1351 2337 1396 2356 cor
1416 2327 1496 2356 habet
1510 2328 1537 2355 in
1551 2328 1624 2363 caelo,
1644 2335 1670 2357 et

925 2376 999 2405 spem
1011 2365 1047 2395 ad
1067 2367 1156 2396 Deum
1170 2379 1177 2395 ε
1193 2366 1240 2395 ille
1264 2366 1343 2394 habet
1364 2366 1473 2394 oculum
1496 2366 1590 2394 animae
1604 2367 1668 2395 sim-

924 2405 1032 2445 plicem,
1044 2405 1073 2435 id
1082 2412 1131 2442 est,
1145 2412 1259 2434 mentem
1273 2404 1399 2433 mundam
1414 2411 1440 2433 et
1452 2404 1630 2443 spiritualem,
1643 2414 1669 2436 et

924 2455 1029 2484 semper
1043 2455 1095 2474 non
1110 2452 1221 2480 terrena,
1239 2443 1286 2472 sed
1297 2443 1409 2472 caelestia
1422 2443 1603 2474 meditantem.
1613 2446 1669 2482 Qui

925 2491 1011 2513 autem
1027 2484 1106 2513 habet
1120 2490 1234 2512 mentem
1250 2482 1377 2510 mundam
1389 2489 1414 2510 et
1428 2482 1605 2521 spiritualem,
1621 2485 1668 2514 ille

926 2531 1011 2563 potest
1025 2534 1122 2563 corpus
1136 2533 1216 2551 suum
1230 2531 1334 2550 servare
1350 2521 1489 2556 lucidum,
1504 2522 1533 2555 id
1544 2530 1597 2559 est,
1612 2524 1668 2553 sinc

926 2570 1043 2602 peccato.
1057 2563 1111 2599 Qui
1123 2569 1210 2590 autem
1223 2571 1275 2589 non
1286 2560 1349 2590 facit
1358 2560 1549 2600 eleemosynas,
1563 2572 1610 2592 nec
1622 2574 1668 2593 cor
