1890 2826
706 151 739 173 ΙΝ
766 151 913 174 GENESIM
941 151 1050 175 SERMO
1078 154 1101 176 1.

123 210 167 239 τὸν
175 212 204 239 ἐκ
213 213 258 239 τοῦ
270 210 354 239 Ἰούδα
366 210 495 248 μέλλοντα
506 211 657 240 ἀνατέλλειν
670 211 887 250 εὖαγγελιζομένη

123 250 246 289 Σωτῆρα,
256 249 336 288 φησί·
352 249 473 288 Σκύμνος
486 250 588 283 λέοντος
603 250 689 280 Ἰούδα
700 262 706 269 ·
719 252 749 279 ἐκ
761 251 887 290 βλαστοῦ,

122 288 161 317 υἱέ
184 299 244 326 μου,
261 288 355 324 ἄνέὸης
366 301 372 307 ·
387 289 526 318 ἀναπεσὼν
542 290 685 328 ἐκοιμήθης
701 292 737 323 ὣς
747 290 828 325 λέων,
843 290 888 319 καὶ

121 329 156 360 ὡς
175 327 382 368 σκύμνος.“ορα
401 329 517 364 πηλίκην
537 331 551 358 6
564 332 631 363 θεῖος
650 330 726 369 λόγος
746 330 888 368 ὁμοιότητα

121 368 312 401 κατασκευάζει
323 369 354 397 ἐκ
365 370 417 397 τῶν
431 373 485 402 τοῖς
497 369 602 407 ἀλόγοις
614 370 764 410 προσόντων
779 371 888 398 πλεονε-

121 406 276 444 κτημάτων.
290 407 371 436 Ἔστι
382 408 468 437 τοίνυν
480 411 617 447 μιμεῖσθαι
628 410 721 439 λέοντα
733 409 800 448 μετὰ
811 409 889 439 συνέ-

122 457 187 479 σεως
197 458 204 464 ·
218 446 274 476 ἔστι
284 447 313 476 δὲ
322 450 459 486 μιμεῖσθαι
468 448 513 477 καὶ
522 448 590 498 ὅφιν,
601 450 649 479 οὐκ
658 450 685 478 ἐν
695 451 733 490 τῷ
743 449 756 465 “’
768 448 888 484 ἷοὸολεῖν,

123 486 181 514 ἀλλ’
198 487 224 515 ἐν
237 487 276 526 τῷ
289 486 392 516 σύνεσιν
408 487 601 526 ἀναλαμὸανειν
614 501 620 507 ·
637 489 723 522 καθὼς
735 489 780 518 καὶ
797 491 812 518 6
825 489 888 518 Σω-

122 525 172 564 τὴρ
185 530 239 558 τοῖς
259 526 413 560 ἀποστόλοις
436 527 526 567 φησί·,
540 528 648 559 Γίνεσθε
665 529 800 569 φρόνιμοι,
820 529 856 561 ὣς
875 530 889 557 6

121 564 186 604 ὄφις.
197 564 288 601 “ostem
302 567 326 594 εἶ
339 568 438 605 φαῦλον
452 563 485 603 ἧν
495 567 526 596 τὸ
534 568 643 607 κτίσμα,
652 570 700 597 οὐκ
714 568 746 597 ἂν
759 570 796 601 εἷς
805 567 890 607 μίμη-

122 616 163 633 σιν
189 607 235 634 τοῦ
262 605 361 644 φαύλου
390 608 580 646 προσεκαλεῖτο
601 609 649 644 τὴν
671 610 764 638 ἑαυτοῦ
791 608 888 644 εἰκόνα,

122 643 238 678 Γίνεσθε,
248 644 342 683 λέγων,
356 645 477 694 φρόνιμοι
487 648 523 680 ὡς
536 646 609 686 ὄφις·
620 648 737 687 μίμησαι
747 651 793 676 τοῦ
806 648 890 697 ὄΤεως

123 683 160 720 μὴ
176 683 220 712 τὸν
237 684 283 719 ἰὸν,
307 684 345 722 μὴ
359 696 403 713 τον
426 686 521 725 θυμὸν,
542 687 610 716 ἀλλὰ
624 687 672 724 τὴν
689 687 800 717 σύνεσιν.
834 688 889 717 Eam

122 723 172 771 γὰρ
185 723 229 752 τὸν
250 723 288 752 ἰὸν
302 725 418 763 μιμήσῃ,
433 725 553 765 καταῧοᾷ
571 738 617 756 σου
627 727 712 756 Δαυὶδ
733 729 888 767 κατηγορῶν

122 774 167 790 και
189 762 272 802 λέγων
285 775 291 781 ·
310 764 403 802 Θυμὸς
423 766 511 798 αὐτοῖς
527 765 596 794 κατὰ
620 767 669 802 τὴν
693 766 818 805 ὁμοίωσιν
842 771 887 796 τοῦ

121 801 217 850 ὄςρεως·
237 801 282 831 ἐὰν
304 803 331 832 δὲ
345 803 394 839 τὴν
408 804 511 833 σύνεσιν
532 807 610 835 αὐτοῦ
633 806 748 846 μιμήσῃ,
769 807 888 845 μαθητὴς

120 852 180 879 γινῃ
202 842 317 881 Χριστοῦ
335 845 381 871 τοῦ
401 843 526 878 εἰπόντος,
547 844 653 875 Γίνεσθε
675 846 796 896 ιρρόνιμοι
817 849 853 880 ὡς
874 850 888 876 6

120 880 185 919 ὄφις.
201 880 311 917 Ἐπειδὴ
331 882 382 922 γὰρ
401 885 416 912 6
428 883 485 922 ὄφις
506 884 698 924 φρονιμώτερος
712 887 767 915 ἐστι
782 887 888 916 πάντων

119 921 172 948 τῶν
191 920 296 959 θηρίων,
313 923 350 954 ὡς
368 922 463 962 ἀρτίως
480 924 680 963 ὑπανεγνώσθη,
704 926 830 961 ἀντέθηκε
854 929 887 965 τῇ

121 959 243 997 φρονήσει
256 960 389 999 φρόνησιν,
405 963 454 1012 οὐχ
467 962 510 991 ἵνα
524 963 610 1003 μάθῃς
624 964 699 994 δόλον
717 970 811 1003 ποιεῖν,
828 967 888 995 ἀλλ’

120 998 161 1027 ἵνα
177 999 260 1038 μάθῃς
273 999 348 1029 δόλον
365 1002 502 1053 ἐκὲλινειν.

160 1595 288 1626 Βούλεται
300 1596 351 1636 γὰρ
365 1598 436 1635 ἡμᾶς
452 1599 466 1626 6
479 1597 659 1637 φιλάνθρωπος
673 1598 741 1631 Θεὸς
761 1598 820 1638 οὐχὶ
840 1611 887 1628 κα-

120 1635 244 1675 κούργους
257 1632 334 1671 εἶναι,
353 1636 421 1665 ἀλλὰ
436 1637 597 1677 πανούργους
609 1649 615 1656 ·
630 1638 717 1678 ἕτερον
732 1638 759 1667 δέ
779 1641 835 1668 ἐστι
857 1640 887 1669 τὸ

118 1680 274 1716 πανοῦργον,
287 1677 332 1706 καὶ
347 1677 435 1716 ἕτερον
453 1676 483 1705 τὸ
497 1680 652 1717 κακοῦργον.
666 1679 817 1717 Πανοῦργος
830 1678 886 1707 τοί-

119 1727 163 1744 νυν
183 1716 254 1745 ἐστὶν
276 1718 324 1746 οὐκ
349 1718 385 1750 εἷς
411 1717 441 1746 τὸ
463 1717 576 1756 μελετᾷν
598 1717 704 1752 κακίαν,
720 1719 778 1746 ἀλλ’
800 1720 836 1751 εἷς
856 1719 886 1747 τὸ

118 1755 221 1794 φεύγειν
243 1756 354 1785 κακίαν·
369 1756 414 1785 καὶ
427 1756 557 1795 κέχρηται
573 1759 606 1796 τῇ
620 1757 766 1796 πανουργία
784 1759 831 1786 οὐκ
850 1760 887 1792 εἷς

118 1794 148 1823 τὸ
163 1797 376 1835 μηχανορῤαφεῖν
394 1797 452 1825 καθ’
474 1795 579 1835 ἑτέρων,
599 1797 657 1825 ἀλλ’
682 1798 719 1830 εἷς
738 1788 768 1825 τῖ)
789 1796 823 1825 τὰ
842 1799 885 1837 ὑφ’

118 1833 214 1873 ἑτέρων
235 1835 386 1873 πλεκόμενα
406 1834 553 1875 διαφεύγειν
563 1847 569 1853 ·
585 1839 730 1875 κακοῦργος
749 1836 776 1865 δέ
790 1837 861 1865 ἔστιν
872 1839 886 1867 6

117 1873 216 1912 φονεὺς,
228 1876 242 1903 6
253 1875 346 1908 δόλιος,
357 1877 371 1904 6
381 1874 478 1914 ἑτέροις
488 1875 558 1903 κακὰ
569 1875 778 1914 τεκταινόμενος.
792 1877 885 1906 Τοιοῦ-

117 1923 161 1946 τος
173 1913 296 1953 φρόνιμος
309 1916 323 1943 6
336 1914 442 1951 Ἰακὼῧ,
456 1914 580 1953 φρόνιμος
594 1916 629 1947 ὡς
643 1917 657 1943 6
674 1915 740 1954 ὄφις,
753 1916 801 1944 οὐκ
816 1916 884 1945 ἰοδό-

116 1953 160 1985 λος
170 1954 206 1985 ὡς
217 1953 305 1993 ὁόφις.
317 1953 386 1983 “Ore
395 1953 446 1993 γὰρ
458 1953 552 1992 ἔμελλε
564 1954 724 1993 συμὸάλλειν
733 1957 770 1994 τῷ
780 1955 885 1995 ἀδελφῷ

117 1992 196 2021 αὐτοῦ
210 1991 296 2022 Ἧσαὺ
314 1993 409 2026 κακίας
426 1993 534 2032 γέμοντι
553 1994 597 2023 καὶ
631 1994 786 2030 ονοκτονίας,
799 2006 883 2034 παρε-

117 2030 192 2060 κάλει
202 2032 245 2061 τὸν
257 2033 327 2062 Θεὸν
337 2033 431 2072 λέγων,
445 2032 536 2072 Κύριε,
547 2005 629 2073 ῥῦσαί)
638 2045 671 2071 με
686 2034 738 2063 ἀπὸ
750 2037 796 2063 τοῦ
811 2035 889 2063 ἀδελ-’

116 2073 164 2108 φοῦ
180 2083 229 2108 μου
241 2071 337 2107 ‘lle-ab,
349 2072 389 2101 ὅτι
399 2072 530 2111 φοὸοῢμαι
539 2073 617 2102 αὐτὸν
629 2073 698 2102 πάνυ
707 2085 714 2092 ·
726 2073 771 2103 καὶ
784 2073 884 2103 ἱκέτευε

116 2109 160 2137 τὸν
181 2110 266 2147 Θεὸν,
289 2113 325 2144 ὡς
342 2111 412 2140 κατὰ
431 2115 545 2151 πονηροῦ
565 2113 613 2148 τὴν
637 2113 718 2152 εὐχὴν
741 2113 883 2151 τιθέμενος.

116 2147 184 2177 “Ore
194 2149 222 2178 δὲ
230 2150 374 2186 συνήντησε
383 2152 422 2190 τῷ
431 2152 545 2191 ἀδελφῷ,
556 2152 693 2188 ἠθικότητι
704 2153 749 2182 καὶ
759 2154 885 2192 κολακείᾳ

117 2188 161 2216 τὸν
173 2189 252 2228 θυμὸν
265 2189 398 2228 ἡμέρωσε,
412 2189 458 2218 καὶ
471 2190 520 2225 τὴν
530 2191 657 2231 πονηρίαν
672 2192 772 2221 ἔαὸεσε.
788 2193 824 2221 Τί
833 2193 884 2232 γάρ

117 2238 182 2266 φησι
195 2229 259 2268 πρὸς
281 2228 325 2257 τὸν
346 2228 448 2264 ‘Hecu-53
472 2226 550 2258 Εἶδόν
571 2242 616 2259 σου
633 2230 664 2259 τὸ
678 2231 827 2271 πρόσωπον,
849 2234 885 2264 ὡς

117 2267 142 2295 εἴ
153 2278 191 2300 τις
202 2268 251 2298 ἴδοι
260 2268 400 2307 πρόσωπον
411 2269 491 2297 Θεοῦ.
506 2269 558 2299 Καὶ
565 2272 588 2299 εἰ
600 2270 647 2308 μὲν
655 2270 742 2310 ἔλεγεν
759 2273 772 2299 ὁ
787 2271 885 2300 Ἰακὼὸ

117 2309 210 2343 ταῦτα,
223 2308 267 2336 ἵνα
286 2307 329 2336 διὰ
342 2306 512 2348 τῆς-,ἀπάτης
525 2309 620 2347 νικήσῃ
639 2309 683 2338 τὸν
699 2310 818 2349 ἀδελφὸν,
831 2322 882 2339 κα-

117 2348 169 2379 κῶς
183 2347 284 2377 ἐλάλει·
301 2349 324 2376 εἰ
338 2347 365 2376 δὲ
379 2349 460 2378 εἶπεν,
471 2347 514 2376 ἵνα
527 2348 570 2376 τὸν
583 2348 661 2388 φόὸον
672 2349 783 2388 ἐκφύγῃ,
797 2351 883 2384 καλῶς

118 2387 251 2425 ἐχρήσατο
271 2389 303 2426 τῇ
326 2385 479 2425 πανουργίᾳ.
497 2387 603 2417 Γίνεσθε
618 2383 662 2417 οὖν
681 2388 800 2427 φρόνιμοι
820 2390 855 2422 ὡς
869 2393 883 2419 6

118 2426 188 2463 ὄφις·
206 2427 243 2463 μὴ
259 2427 396 2464 θυμώδεις,
418 2426 454 2463 μὴ
470 2426 566 2455 ἰοὸόλοι
578 2449 584 2461 ,
607 2427 674 2456 ἀλλὰ
692 2428 821 2467 φρόνιμοι,
837 2430 880 2458 καὶ

152 2520 164 2538 l*
182 2519 240 2551 Rug-
257 2522 354 2551 rto-John,
370 2523 413 2545 033*
427 2525 447 2546 {a
461 2525 488 2553 τῇ
501 2525 625 2555 πικρότητι,
641 2523 743 2553 dir-:213⁹
756 2525 776 2547 ἐν
788 2528 818 2555 τῷ
832 2527 891 2555 mrpi

1615 145 1680 181 621

942 212 1050 248 riorem,
1058 220 1085 242 at
1095 214 1204 243 scientia
1214 221 1300 244 tamen
1311 216 1539 255 priestantiorem?
1550 218 1687 254 Quamob-

943 262 998 280 rem
1021 252 1228 291 benignissimus
1251 256 1334 292 Deus,
1350 255 1384 284 ad
1405 256 1606 296 coarguendum
1627 264 1686 286 stu-

943 301 1036 330 porem
1057 299 1190 330 nostrum,
1213 294 1352 324 formicam
1366 296 1466 334 profert
1486 297 1513 324 in
1537 296 1656 326 medium
1671 309 1685 326 a

943 340 995 368 qua
1014 331 1174 371 negligentia
1193 340 1282 362 nostra
1296 335 1476 371 convincitur,
1491 342 1517 365 et
1537 346 1613 375 apem
1626 347 1687 374 quae

940 370 1077 408 pigritiam
1102 378 1220 402 nostram
1242 373 1411 403 condemnat.
1427 376 1516 413 Atque
1536 375 1602 404 hinc
1623 376 1687 404 satis

941 416 1055 446 constat,
1069 411 1139 439 nihil
1157 422 1171 439 a
1189 413 1246 441 Deo
1269 413 1372 442 malum
1394 413 1532 444 conditum
1555 424 1622 450 esse,
1638 415 1687 453 qui

940 448 991 477 tibi
1012 460 1121 479 sensum
1143 461 1174 479 ac
1196 458 1312 481 mentem
1335 452 1445 489 indidit,
1461 453 1539 493 cujus
1553 453 1579 483 vi
1601 454 1687 493 possis

907 498 925 520 Ε
941 488 990 517 ista
1003 488 1164 526 discernere,
1179 497 1210 519 ut
1220 491 1372 520 belluarum
1385 492 1496 531 quidem
1509 504 1596 522 mores
1609 493 1686 523 devi-

941 534 990 564 tes,
1007 528 1125 568 potiores
1137 536 1226 559 autem
1239 540 1331 559 earum
1345 530 1420 561 dotes
1433 539 1458 561 et
1472 532 1611 562 commoda
1624 543 1686 562 con—

940 567 1057 597 secteris.
1075 570 1164 598 Potest
1186 570 1257 599 enim
1271 576 1298 599 et
1317 570 1359 599 leo
1381 571 1489 600 virtutis
1509 572 1597 611 imago
1617 582 1685 609 esse,

939 616 1003 636 cum
1015 617 1069 636 non
1082 615 1219 648 tamquam
1237 609 1399 649 tyrannidis,
1420 611 1466 640 sed
1487 612 1564 650 quasi
1575 612 1686 641 fortitu-

940 645 1014 675 dinis
1026 647 1143 677 indicem
1162 648 1370 678 similitudinem
1383 650 1459 679 illam
1473 651 1573 691 accipis
1588 663 1595 679 :
1610 651 1687 680 aliud

940 685 1041 731 qnippe
1059 694 1099 716 est
1123 688 1259 727 tyrannis,
1273 695 1299 717 et
1322 688 1398 717 aliud
1419 689 1560 718 fortitudo.
1582 690 1686 720 Idcirco

940 726 1081 765 Scriptura
1093 727 1150 778 ipsa
1160 728 1326 757 salvatorem
1337 729 1500 758 annuntians
1517 730 1686 759 exoriturum

939 775 974 793 ex
988 766 1006 795 J
1009 765 1071 800 uda,
1089 767 1213 797 catulus
1226 767 1327 803 leonis,
1343 767 1442 806 inquit,
1456 769 1539 798 Juda
1551 781 1561 797 .·
1574 780 1610 798 ex
1621 780 1685 808 ger—
1699 776 1754 796 (ιἐηΔ
1766 777 1836 804 4919*

940 806 1029 840 mine,
1035 806 1085 845 fili
1095 809 1145 840 mi,
1155 808 1312 836 ascendisti
1323 819 1332 834 .·
1345 810 1514 837 recumbens
1525 809 1685 838 dormivistz

940 850 972 872 ut
993 845 1049 881 leo,
1064 852 1093 875 et
1107 849 1190 885 quasi
1204 847 1320 875 catulus
1333 847 1434 876 leonis.
1449 847 1522 876 Vide
1534 847 1687 887 cujusmodi

932 883 1146 914 ,similitudinem
1160 896 1195 914 ex
1208 885 1242 914 iis
1264 896 1323 924 quae
1337 886 1437 915 belluis
1457 886 1548 916 insunt
1569 887 1684 926 potiora,

939 922 1049 953 duxerit
1070 927 1165 953 sermo*
1175 924 1296 954 divinus.
1319 925 1393 954 Licet
1415 925 1498 965 igitur
1518 926 1621 955 leonem
1641 938 1685 956 sa·
1704 945 1706 947 -

940 962 1043 1001 pienter
1065 963 1166 992 imitari
1181 976 1188 992 z
1205 964 1267 993 licet
1287 971 1313 993 et
1334 971 1484 1004 serpentem
1499 976 1617 1004 quoque,
1632 977 1686 996 non

941 1001 1051 1039 quidem
1064 1002 1092 1031 in
1106 1013 1207 1032 veneno
1221 1003 1369 1038 fundendo,
1385 1003 1432 1033 sed
1453 1004 1482 1033 in
1493 1005 1599 1034 solertia
1614 1016 1686 1035 com-

941 1041 1058 1079 paranda
1075 1054 1081 1071 :
1099 1042 1169 1071 sicut
1188 1049 1214 1071 et
1231 1043 1360 1082 apostolis
1373 1044 1499 1073 Servatur
1519 1045 1567 1082 ait,
1583 1046 1686 1075 Estote

939 1081 1107 1119 prudentes,
1122 1084 1197 1111 sicut
1218 1092 1345 1121 serpens.
1361 1084 1555 1120 Quamobrem,
1570 1085 1594 1114 si
1615 1085 1685 1115 mala

941 1127 1008 1149 esset
1024 1128 1154 1158 creatura,
1170 1121 1313 1160 imaginem
1326 1132 1402 1151 suam
1416 1122 1451 1152 ad
1473 1124 1532 1163 ejus
1555 1123 1683 1154 imitatio-

942 1169 1002 1188 nem
1018 1170 1070 1190 non
1085 1161 1280 1197 cohortaretur,
1294 1160 1397 1198 dicens,
1412 1163 1516 1191 Estote
1527 1164 1685 1202 prudentes
1699 1173 1780 1209 Mngth.
1799 1180 1835 1196 ιο.

941 1201 1015 1228 sicut
1037 1210 1154 1239 serpens
1167 1212 1175 1229 .·
1191 1199 1296 1229 imitare
1320 1201 1450 1240 serpentis
1462 1211 1516 1230 non
1539 1212 1682 1241 venenum,
1699 1202 1733 1225 ¹⁶·
1747 1216 1758 1227 -·

940 1248 992 1267 non
1007 1239 1087 1277 iram,
1102 1239 1149 1269 sed
1161 1239 1342 1279 prudentiam.
1358 1241 1427 1270 Nam
1441 1241 1464 1270 si
1478 1251 1609 1271 venenum
1623 1242 1683 1272 imi-

940 1277 1014 1314 teris,
1025 1279 1122 1308 clamat
1132 1279 1160 1308 in
1173 1286 1199 1309 te
1210 1279 1311 1314 David,
1322 1289 1448 1309 accusans
1459 1287 1485 1310 et
1494 1280 1584 1310 dicens
1600 1293 1606 1310 ε
1622 1283 1651 1311 F
1651 1295 1683 1312 ιι·
1694 1291 1759 1314 Psul,
1769 1292 1833 1321 575.

940 1327 990 1346 ror
999 1318 1061 1347 illis
1074 1320 1232 1348 secundum
1246 1319 1466 1350 similitudinem
1479 1323 1630 1360 serpenti5;
1641 1324 1682 1352 sin

939 1363 1028 1386 autem
1061 1357 1213 1387 rudentiam
1234 1359 1293 1398 ejus
1306 1358 1428 1394 imiteris,
1441 1360 1527 1389 sactus
1540 1371 1568 1390 es
1581 1361 1682 1391 Christi

938 1396 1044 1437 discipu
1059 1408 1089 1427 us
1100 1420 1107 1434 ,
1129 1398 1176 1436 qui
1200 1398 1286 1434 dixit,
1302 1399 1405 1428 Estote
1425 1400 1585 1438 prudentes
1608 1403 1684 1431 sicut

939 1446 1065 1475 serpens.
1079 1437 1150 1474 Quia
1162 1437 1235 1466 enim
1247 1448 1354 1477 serpens
1364 1439 1490 1468 omnibus
1503 1439 1684 1470 animantibus

939 1482 978 1504 est
990 1476 1158 1515 prudentior,
1173 1483 1203 1505 ut
1222 1477 1304 1515 paulo
1316 1483 1377 1506 ante
1390 1477 1489 1507 lectum
1502 1485 1551 1514 est,
1565 1479 1684 1517 pruden-

939 1514 1004 1543 tiam
1027 1516 1153 1555 opposuit
1194 1515 1324 1545 rudentiae
1334 1539 1341 1553 ,
1357 1526 1408 1545 non
1424 1524 1454 1546 ut
1471 1516 1567 1546 dolum
1581 1525 1684 1548 nectere

895 1580 932 1600 ω
939 1553 1038 1590 discas,
1053 1554 1100 1583 sed
1115 1561 1144 1583 ut
1184 1555 1259 1583 olum
1275 1555 1362 1584 discas
1374 1555 1519 1585 declinare.

905 1609 924 1630 A
979 1599 1009 1626 5²2.
1033 1598 1104 1628 Vult
1116 1598 1187 1627 enim
1198 1598 1330 1637 benignus
1342 1600 1414 1628 Deus
1428 1609 1476 1629 nos
1488 1610 1545 1629 esse
1558 1611 1610 1630 non
1626 1612 1682 1631 ma-

938 1636 1037 1675 lignos,
1063 1637 1110 1666 sed
1129 1637 1240 1666 callidos
1257 1649 1263 1665 :
1278 1637 1355 1666 aliud
1375 1645 1464 1667 autem
1486 1645 1526 1668 est
1537 1640 1681 1679 calliditas,

939 1675 1016 1705 aliud
1036 1676 1199 1715 malignitas.
1218 1676 1345 1706 Callidus
1358 1677 1448 1716 itaque
1466 1685 1505 1708 est
1519 1689 1573 1708 non
1587 1680 1623 1709 ad
1634 1691 1682 1711 ex-

939 1715 1107 1755 cogitandam
1116 1715 1257 1752 malitiam,
1269 1716 1313 1745 sed
1323 1716 1358 1746 ad
1369 1718 1500 1747 malitiam
1508 1719 1660 1749 evitandam
1672 1734 1678 1750 t

938 1762 964 1784 et
977 1755 1015 1784 uti
1027 1755 1094 1784 solet
1111 1755 1257 1785 calliditate
1271 1766 1323 1785 non
1338 1763 1367 1785 ut
1384 1757 1412 1785 in
1425 1757 1492 1786 alios
1505 1766 1615 1788 consuat
1629 1759 1679 1789 do-

938 1794 990 1829 los,
1011 1794 1057 1824 sed
1072 1801 1102 1824 ut
1120 1805 1150 1824 ea
1171 1805 1230 1833 quae
1243 1806 1258 1824 a
1272 1796 1372 1825 caeteris
1390 1796 1418 1825 in
1432 1797 1518 1836 ipsius
1536 1798 1680 1837 perniciem

938 1840 1061 1863 contexta
1078 1841 1141 1863 sunt
1153 1835 1265 1879 effugiat
1279 1846 1287 1863 ε
1303 1835 1437 1875 malignus
1449 1843 1539 1865 autem
1559 1845 1598 1867 est
1611 1839 1679 1868 sica-

938 1873 1005 1907 rius,
1021 1873 1157 1913 deceptor,
1172 1885 1219 1912 qiu
1239 1874 1299 1903 aliis
1321 1875 1390 1903 mala
1410 1875 1590 1906 machinatur.
1603 1878 1680 1908 Talis

937 1912 1056 1952 prudens
1067 1913 1162 1950 Jacob,
1177 1913 1295 1953 prudens
1307 1920 1337 1943 ut
1350 1924 1467 1953 serpens,
1479 1925 1531 1944 uon
1548 1927 1679 1947 venenum

939 1963 1064 1991 spargens
1077 1959 1105 1982 ut
1118 1963 1237 1993 serpenS.
1253 1955 1323 1983 Nam
1341 1963 1403 1983 cum
1418 1954 1445 1982 in
1458 1965 1597 1984 occursum
1611 1967 1679 1986 con-

939 2002 1110 2030 gressumquc
1122 2003 1184 2021 cum
1204 1993 1284 2022 fratrc
1298 1993 1371 2022 Esaii
1384 2000 1514 2023 venturus
1533 2002 1611 2033 esset,
1627 1996 1675 2026 ho-

938 2031 1009 2060 mine
1017 2031 1161 2060 sceleribus
1173 2038 1199 2061 et
1209 2032 1362 2072 parricidiis
1374 2040 1509 2072 coopert0‚
1522 2035 1610 2064 Deum
1621 2047 1677 2065 ora-

936 2070 982 2099 bat
996 2070 1098 2107 dicens,
1111 2071 1248 2108 Domtne,
1268 2082 1336 2101 erue
1356 2083 1401 2101 me
1414 2073 1451 2101 de
1468 2084 1557 2102 manu
1567 2076 1678 2115 fratris
1692 2091 1788 2113 617132.
1798 2098 1826 2113 Η,

939 2111 994 2138 mei
1017 2111 1110 2145 Esnii,
1125 2113 1196 2149 quia
1217 2111 1307 2140 valde
1326 2122 1392 2141 eum
1412 2114 1498 2141 timeo
1515 2125 1522 2141 .·
1539 2115 1678 2153 Deumque

937 2150 976 2178 sic
987 2149 1154 2188 precabatur,
1169 2157 1198 2180 ut
1208 2149 1337 2180 adversus
1352 2151 1453 2180 malum
1468 2152 1615 2182 orationem
1631 2165 1679 2193 op-

938 2195 1056 2227 poneret.
1073 2189 1188 2226 Quando
1199 2200 1262 2220 vero
1275 2190 1350 2220 fratri
1363 2191 1491 2227 occurrit,
1501 2191 1677 2228 humanitate,

937 2228 1011 2257 cultu
1032 2235 1058 2257 et
1085 2229 1254 2259 observantia
1273 2230 1391 2259 furorem
1412 2231 1470 2269 ejus
1492 2233 1675 2268 mansuefecit,

936 2273 962 2296 ct
971 2267 1103 2298 malitiam.
1110 2269 1244 2298 restinxit.

936 2307 1001 2336 vidi
1010 2307 1125 2348 faciem
1141 2314 1233 2343 tuam,
1261 2315 1293 2338 ut
1306 2310 1331 2337 si
1344 2310 1409 2348 quis
1431 2309 1545 2336 videret
1559 2309 1676 2337 vultum

937 2346 1004 2376 Dei.
1018 2349 1057 2377 Ac
1070 2347 1093 2376 si
1107 2347 1163 2376 haec
1179 2347 1288 2386 quidem
1302 2347 1373 2376 dixit
1388 2347 1481 2381 Jacob,
1497 2353 1525 2375 ut
1540 2358 1570 2375 ea
1583 2348 1676 2377 fraude

936 2386 1053 2415 vinceret
1076 2387 1195 2423 fratrem,
1219 2387 1288 2416 male
1311 2386 1471 2425 loquebatur
1495 2399 1500 2414 :
1521 2386 1561 2414 sin
1577 2393 1675 2416 autem

936 2430 1016 2467 dixit,
1035 2437 1062 2459 ut
1077 2438 1204 2460 terrorem
1219 2431 1356 2469 effugeret,
1372 2428 1516 2458 calliditate
1529 2436 1597 2468 reete
1613 2440 1677 2460 usus

894 2534 918 2551 7;
931 2528 1013 2555 γέμει-,ι’
1030 2522 1080 2547 ⁷¹22*
1094 2527 1122 2547 ἐν.

1258 2269 1333 2306 Quid
1347 2269 1464 2298 enimait
1476 2269 1510 2298 ad
1524 2271 1615 2299 Esaii?
1629 2271 1677 2299 Sic
1690 2282 1779 2305 sensu
1794 2289 1824 2305 w,
