1890 2826
83 559 150 581 Psal.
173 559 223 581 103.

81 590 120 612 32.

83 660 175 682 Nullum
180 676 184 680 .
202 666 208 681 1
217 674 222 679 .

83 693 106 713 6.

82 934 149 956 Psnl.
161 940 169 955 1
176 931 212 955 18.

88 965 140 987 ¹05.

83 996 151 1018 Psal.
163 994 213 1025 140.

83 1034 97 1049 2
153 1036 156 1040 .

85 1210 224 1242 Psal.46.8.

139 1401 227 1422 Sacriti-

84 1433 144 1454 cium
185 1440 226 1455 ve-

83 1465 207 1492 :pertinum

84 1495 136 1523 ιμιιιῖ
143 1510 147 1516 .

240 162 306 207 542

236 241 316 264 tasset
325 234 352 263 in
360 234 455 264 vinum
465 246 475 272 ;
491 234 543 264 nisi
553 241 622 264 esset
630 234 688 266 caeli
698 233 840 272 Dominus,
853 245 906 266 non
914 246 976 266 eum

236 280 312 310 stella
323 279 357 310 de
370 280 435 310 caelo
449 279 635 320 praedicasset3
646 281 697 311 nisi
713 288 782 312 esset
795 282 861 312 solis
879 282 977 312 Domi-

236 337 297 364 nus,
308 337 362 357 non
375 327 491 357 tenebris
503 338 532 357 se
545 327 695 358 obvelasset
707 328 736 358 in
747 338 836 359 cruce.
852 328 977 359 Christus

237 375 264 402 in
283 384 363 404 cruce
370 396 380 410 ‚
393 381 420 403 et
428 373 470 403 sol
481 373 670 404 obtenebratus
682 381 732 404 est.
753 375 778 405 Ο
796 373 975 405 miraculum!
995 380 1012 403 Ε

235 420 364 449 Creatura
375 429 430 448 non
445 419 508 448 tulit
516 419 706 449 contumeliam
722 419 844 450 Domini.
856 420 978 451 Obteno-

233 466 328 496 bratus
337 473 376 496 est
386 467 439 504 sol,
455 473 484 496 ut
495 466 523 496 in
536 466 594 506 ipsa
605 477 684 497 cruce
693 468 758 498 solis
765 468 914 498 Dominum
927 479 980 498 no-

235 514 318 543 veris.
333 514 472 544 Commota
483 520 521 543 est
531 520 600 543 terra
609 535 617 550 ,
631 520 661 544 ut
672 513 759 544 discas
773 513 808 544 de
821 514 880 555 ipso
894 516 978 545 Davi-

234 559 296 590 dem
315 559 416 589 dixisse
430 572 437 589 z
452 561 508 599 Qui
531 562 648 599 respicit
673 567 780 591 ter-ram
791 561 905 602 etfacit
913 573 977 591 eam

235 614 363 637 tremere.
378 606 472 637 Scissae
486 614 549 637 sunt
563 613 661 647 petrae,
678 614 707 636 ut
719 606 807 637 discas
817 607 853 637 de
863 618 978 647 quonam

234 652 332 682 dixerit
340 652 470 693 propheta
480 665 487 682 z
497 654 595 682 Furor·
600 654 662 693 ejus
668 654 814 683 tabescere
810 654 894 695 facit
899 656 979 693 prin-

235 702 362 738 cipatus,
373 706 402 729 et
413 706 503 739 petra!
516 700 674 740 persor-atie
688 706 755 729 sune
768 701 805 729 ab
820 711 863 729 eo.
878 702 978 730 Monu-

235 752 324 775 meuta
345 752 438 785 aperta
459 752 538 782 sunt,
556 752 586 775 ut
599 752 739 785 appareret
761 748 937 783 resurrectio,
953 754 978 776 et

233 791 280 830 qui
292 792 403 821 suscitat
415 793 489 822 Deus
502 802 549 832 per
562 799 657 821 cuncta
670 791 832 832 splenderet.

273 840 303 868 7.
322 839 420 878 Operae
430 838 548 878 pretium
560 849 626 875 vero
638 845 678 867 est
698 846 729 867 ut
743 839 874 869 moralem
883 849 979 870 move-

234 895 311 914 amus
324 894 483 914 sermonem.
499 885 622 914 Lucerna
635 891 714 914 vocat
724 894 784 921 nos,
801 891 830 914 ut
843 884 976 915 dicamus:

236 931 369 959 Lucerna
375 930 498 971 pedibus
509 932 579 960 meis
589 931 711 960 verbum
727 936 820 965 tuum,
840 938 869 960 et
880 932 979 961 lumen

234 977 342 1005 semitis
354 977 434 1005 meis.
447 975 565 1007 Advenit
575 986 687 1016 vespera
700 982 729 1005 ut
741 974 879 1006 dicamus:
894 978 977 1007 Diri-

233 1029 320 1061 gatm·
334 1024 428 1052 oratio
445 1033 510 1052 mea
521 1024 597 1053 sicut
606 1024 756 1053 incensum
772 1026 804 1053 in
825 1032 1019 1065 conspectuffi.⁸

234 1075 295 1103 tuo,
306 1069 431 1098 elevatio
444 1080 584 1098 manuum
601 1080 731 1100 mearum
742 1072 916 1111 sacrificium
926 1082 978 1102 ve-
993 1074 1012 1095 Λ

233 1118 403 1154 sper-tinum.
427 1117 483 1146 Cur
497 1126 550 1146 non
570 1117 756 1148 matutinum?
783 1118 835 1148 Hic
856 1118 978 1148 animum

234 1161 358 1191 adhibete
380 1174 387 1190 :
412 1172 474 1191 nam
488 1172 548 1200 qnae
570 1162 722 1202 psallimus,
746 1163 814 1193 scire
834 1163 972 1194 debemus.

234 1207 309 1237 Dicit
320 1207 429 1237 David:
445 1209 571 1238 Psallite
589 1211 744 1249 sapienter.
760 1211 898 1240 Elevau'o
911 1222 978 1240 ma-

237 1262 327 1282 nuum
348 1262 478 1281 mearum
496 1253 671 1291 sacrificium
688 1256 900 1292 vespertinum.
915 1257 977 1284 Duo

235 1299 365 1328 sacrificia
375 1298 456 1339 jussit
465 1299 526 1328 fieri
538 1299 718 1340 Moyses‚imo
731 1302 816 1338 Deus,
825 1312 910 1330 unum
923 1312 978 1330 ma-

235 1344 373 1382 tutinum,
392 1351 418 1374 et
433 1355 518 1374 umun
539 1346 734 1385 vespertinum.
753 1347 888 1376 Matutina
915 1357 979 1386 gra-

237 1390 334 1420 tiarum
357 1391 427 1420 actio
446 1401 497 1431 pro
516 1398 592 1420 nocte
616 1398 681 1420 erat.
703 1391 776 1422 Nam
789 1392 837 1431 qui
852 1393 879 1422 in
903 1400 979 1422 nocte

236 1443 357 1466 servatus
368 1444 417 1474 est,
432 1436 460 1466 in
473 1436 519 1466 die
539 1437 637 1475 gratias
649 1437 713 1477 agit.
731 1438 923 1478 Voepertinum
936 1449 978 1468 sa-

236 1482 369 1512 crificium
380 1494 428 1523 pro
441 1483 486 1513 die
493 1490 559 1513 erat.
568 1483 651 1521 Quia,
667 1484 765 1523 inquit,
781 1484 808 1513 in
817 1484 862 1514 die
871 1496 977 1514 meser-

235 1529 315 1566 vasti,
331 1540 380 1569 pro
405 1536 460 1560 toto
479 1529 525 1559 die
549 1530 647 1568 gratias
670 1540 720 1569 ago
733 1530 794 1560 tibi.
811 1530 978 1560 Matutinum

234 1575 397 1604 sacrificium
408 1586 462 1605 non
472 1586 533 1604 eum
540 1575 646 1616 recipit,
658 1576 706 1614 qui
718 1576 746 1605 in
761 1583 836 1606 nocte
846 1578 976 1616 peccavit.
991 1575 1009 1597 Β

233 1620 298 1650 Ideo
312 1620 380 1650 dicit
395 1632 402 1649 :
414 1621 550 1650 Elevatio
565 1631 704 1650 mannum
717 1632 847 1650 mearum
866 1623 979 1663 sacrifi·

235 1668 311 1695 cium
323 1669 533 1707 vespertinum.
545 1666 698 1706 Ingrederis
711 1677 860 1707 vesperam,
876 1679 979 1708 expan—

234 1712 277 1744 dis
291 1723 403 1751 manus5
418 1713 441 1742 si
460 1712 588 1742 fiduciam
603 1712 714 1749 habent,
729 1713 917 1753 expandantur
933 1726 939 1743 ι
955 1715 979 1744 si

235 1769 287 1787 non
314 1759 479 1799 scripserunt
510 1758 676 1797 iniquitatem
687 1781 695 1795 ,
719 1758 742 1788 si
771 1770 901 1799 pauperes
926 1771 978 1790 non

234 1804 396 1844 spoliarunt,
418 1805 441 1834 si
455 1805 577 1845 'pupillos
590 1814 643 1833 non
664 1812 864 1844 oppresserunt,
877 1812 906 1834 ut
919 1817 978 1845 quae

235 1862 376 1891 personam
386 1851 486 1881 bahent
498 1851 672 1881 extollantur.
689 1852 716 1880 E
719 1851 826 1880 levatio
839 1863 979 1883 manuum

239 1908 383 1932 mearum5
398 1908 429 1927 ac
450 1897 474 1927 si
493 1897 605 1933 diceret,
626 1896 710 1934 Vide,
725 1898 852 1934 Domine,
869 1899 978 1930 mundae

238 1951 413 1973 summanus.
432 1942 668 1980 Quemadmodum
682 1943 754 1972 euim
765 1943 788 1972 is
798 1944 844 1983 qui
860 1946 980 1984 peccavit

238 1990 347 2020 vultum
360 1989 488 2019 extollere
499 1999 551 2018 non
566 1996 662 2029 potest,
679 1988 726 2018 sed
739 2000 753 2018 a
765 1991 924 2020 conscientia
939 1991 980 2020 in-

200 2060 202 2063 ,
237 2042 386 2065 curvatur:
402 2035 441 2064 sic
460 2045 554 2064 manus
572 2035 686 2074 polluta,
709 2045 742 2063 ne
764 2035 845 2065 audet
867 2037 978 2075 quidem

91 2229 147 2249 Gen.
160 2228 196 2256 14.

87 2264 125 2281 2¹.
138 2266 176 2281 22.

91 2551 110 2565 ι.
128 2545 187 2567 Tim.
205 2552 218 2567 2

88 2575 110 2597 8.

237 2092 325 2110 coram
336 2082 393 2110 Deo
404 2080 558 2110 consistere.
574 2080 647 2111 Vide
664 2091 670 2107 ι
686 2080 709 2109 si
723 2091 819 2110 manus
831 2081 885 2111 sint
898 2093 978 2111 mun·
992 2092 1010 2115 c

237 2127 278 2157 dae
302 2128 336 2157 ab
356 2127 506 2166 iniquitate,
530 2126 726 2166 expandantur.
747 2127 810 2156 Ideo
825 2129 978 2168 patriarcha

237 2174 375 2204 Abraham
398 2180 479 2212 turpe
493 2172 598 2201 lucrum
614 2172 758 2209 recusavit,
770 2184 832 2202 cum
843 2174 942 2205 diceret
953 2175 978 2205 ei

237 2232 285 2251 rex
297 2220 476 2251 Sodomorum
491 2230 499 2246 ε
516 2219 629 2258 Accipe
642 2221 751 2254 omnia,
764 2221 895 2250 mulieres
909 2228 978 2251 tan-

238 2274 298 2297 tum
310 2267 431 2296 dimitte.
447 2267 485 2295 L't
496 2265 586 2304 itaque
595 2264 722 2293 fiduciam
730 2265 848 2302 haberet,
857 2267 925 2296 nihil
934 2279 979 2298 ac-

237 2314 308 2353 cepit
325 2324 334 2350 3
360 2311 408 2342 sed
426 2322 488 2342 cum
509 2310 589 2351 puris
609 2310 733 2340 manibus
753 2321 823 2347 esse,
843 2311 949 2344 dicebat
969 2325 976 2341 z

236 2359 406 2389 Est-tendam
427 2366 532 2387 manus
554 2366 633 2385 meas
653 2356 693 2384 ad
712 2357 817 2393 Deum,
839 2359 979 2398 quz'j'ecit

236 2406 339 2434 caelum
361 2409 389 2432 ee
409 2408 514 2431 terram
535 2411 543 2428 .·
567 2407 594 2430 et
606 2399 737 2437 extendit,
751 2401 815 2439 quia
838 2412 891 2430 non
905 2410 979 2432 erant

236 2447 347 2488 pollutae
361 2446 461 2485 injusto
483 2444 571 2474 lucro.
586 2443 724 2473 Elevatio
739 2454 879 2473 manuum
900 2456 976 2474 mea.

237 2503 309 2522 rum.
318 2491 400 2527 Illud,
406 2491 434 2519 E
436 2490 543 2519 levatio
553 2498 694 2518 manuum
702 2498 842 2525 ηιειιηιηι,
852 2489 980 2529 interpre-

238 2543 311 2566 tatur
327 2535 429 2565 Paulus
442 2545 448 2561 :
464 2534 538 2564 Volo
558 2534 648 2573 igitur
657 2534 737 2562 viros
750 2543 834 2562 orare
846 2534 879 2561 in
899 2536 980 2563 omni

241 2580 304 2609 loco
320 2580 449 2609 levantes
471 2584 589 2608 sanctas
600 2587 705 2607 manus
718 2579 782 2607 sine
793 2579 838 2606 ira
851 2584 878 2607 et
890 2578 978 2608 ‹lisce-

931 175 1111 198 SEVERIAM

1032 237 1140 267 σπότου.
1163 238 1321 275 Ἐσκοτίσθη
1340 241 1355 268 ὁ
1375 238 1466 275 ἥλιος,
1482 239 1525 269 ἵνα
1541 240 1625 280 μάθῃς
1639 241 1683 270 καὶ
1697 242 1724 270 ἐν
1736 242 1808 282 αὐτῷ

1031 284 1070 323 τῷ
1093 286 1198 324 σταυρῷ
1211 284 1286 320 ἡλίου
1297 285 1446 321 Δεσπότην.
1461 285 1586 322 Ἐσείσθη
1597 289 1614 322 ἡ
1626 288 1661 326 γῆ
1671 309 1679 322 ,
1701 286 1744 316 ἵνα
1755 287 1807 326 μά-

1032 331 1095 368 θῃς,
1109 330 1150 360 ὅτι
1163 330 1224 370 περὶ
1237 332 1317 360 αὐτοῦ
1329 333 1343 360 ὁ
1356 326 1441 360 Δαυὶδ
1452 326 1525 360 εἶπεν
1534 343 1541 350 ·
1552 332 1587 362 Ὁ
1598 332 1749 363 ἐπιὸλέπων
1763 333 1808 362 ἐπὶ

1032 376 1080 412 τὴν
1091 379 1141 416 γῆν
1150 377 1196 406 καὶ
1207 378 1290 406 ποιῶν
1301 377 1384 413 αὐτὴν
1397 377 1514 417 τρέμειν.
1530 379 1712 419 Ἐσχίσθησαν
1722 381 1750 409 αἱ
1757 380 1808 409 πέ-

1032 434 1108 462 τραι,
1131 422 1174 451 ἵνα
1201 422 1286 462 μάθῃς
1309 423 1370 462 περὶ
1394 423 1463 456 τίνος
1483 419 1555 453 εἶπεν
1570 427 1585 454 ὁ
1597 422 1735 465 προφήτης
1743 437 1750 444 ·
1773 425 1808 456 Ὀ

1033 468 1113 507 θυμὸς
1133 469 1212 497 αὐτοῦ
1227 468 1303 504 τήκει
1317 468 1402 508 ἀρχὰς
1415 491 1424 505 ,
1450 469 1496 498 καὶ
1509 471 1537 498 αἱ
1550 470 1646 510 πέτραι
1659 471 1807 510 ἐθρύὸησαν

1033 513 1079 542 ἀπ’
1093 515 1184 543 αὐτοῦ.
1201 513 1311 554 Ἠνοίγη
1322 514 1356 543 τὰ
1371 514 1512 554 μνήματα,
1524 515 1567 545 ἵνα
1579 519 1648 556 φανῇ
1659 519 1676 552 ἡ
1689 516 1807 546 ἀνάστα-

1033 570 1087 595 σις,
1108 559 1152 588 καὶ
1167 562 1181 588 ὁ
1195 559 1302 600 ἐγείρων
1316 560 1385 594 Θεὸς
1399 561 1442 590 διὰ
1453 562 1506 590 τῶν
1519 561 1626 591 πάντων
1638 562 1744 602 Mula.

1072 835 1151 866 Ἀλλὰ
1163 837 1201 866 δεῖ
1215 839 1286 876 ἡμᾶς
1299 838 1345 868 καὶ
1358 838 1449 874 ἠθικὸν
1461 833 1578 874 ’κινῆσαι
1591 838 1680 877 λόγον.
1706 837 1742 868 ‘O
1757 837 1807 867 λύ-

1030 893 1093 921 χνος
1105 884 1176 921 ἡμᾶς
1190 884 1265 912 καλεῖ
1279 884 1323 913 ἐπὶ
1337 884 1368 914 τὸ
1381 886 1464 914 εἰπεῖν
1473 896 1479 903 ·
1494 885 1599 924 Λύχνος
1612 888 1666 918 τοῖς
1679 884 1743 914 ποσί
1756 895 1806 923 μου

1030 929 1044 955 ὃ
1063 927 1139 967 λόγος
1157 939 1219 964 σου,
1241 929 1287 958 καὶ
1305 931 1359 970 φῶς
1372 934 1429 963 ταῖς
1447 929 1550 970 τρίὸοις
1570 942 1629 969 μου.
1652 929 1806 962 Κατέλαὸεν

1030 972 1130 1013 ἑσπέρα
1146 972 1188 1003 ἵνα
1205 973 1338 1014 λέγωμεν·
1354 976 1564 1012 Κατευθυνθήτω
1577 978 1594 1012 ἡ
1609 976 1746 1016 προσευχή
1755 987 1806 1015 μου

1029 1019 1065 1051 ὡς
1089 1018 1209 1058 θυμίαμα
1229 1019 1340 1050 ἐνώπιόν
1358 1029 1404 1051 σου
1416 1042 1424 1056 ,
1445 1021 1555 1062 ἔπαρσις
1572 1024 1626 1051 τῶν
1643 1024 1741 1062 χειρῶν
1756 1033 1806 1060 μου

1029 1063 1107 1093 θυσία
1117 1065 1252 1105 ἑσπερινή.
1267 1066 1321 1096 Καὶ
1335 1067 1404 1096 διατί
1419 1067 1456 1106 μὴ
1468 1067 1576 1103 ἑωθινῆς
1594 1062 1662 1097 ’Ὧδε
1673 1068 1717 1098 τὸν
1731 1071 1804 1097 νοῦν·

1029 1109 1046 1138 ἃ
1064 1109 1115 1151 γὰρ
1129 1109 1282 1151 ψάλλομεν,
1300 1111 1439 1152 ὀφείλομεν
1461 1110 1568 1142 εἰδέναι.
1597 1112 1679 1152 Λέγει
1704 1113 1789 1143 Δαυίδ
1800 1125 1806 1131 ·

1030 1157 1147 1186 Ψάλατε
1167 1158 1289 1191 συνετῶς.
1313 1157 1446 1197 Ἔπαρσις
1469 1161 1522 1188 τῶν
1541 1160 1639 1199 χειρῶν
1658 1170 1708 1198 μου
1730 1158 1807 1189 θυσία

1029 1202 1164 1243 ἑσπερινή.
1188 1202 1243 1232 Δύο
1265 1203 1356 1237 θυσίας
1380 1205 1502 1234 ἐκέλευσε
1529 1206 1647 1241 Μωϋσῆς
1670 1205 1808 1245 γίνεσθαι·

1029 1250 1129 1287 μᾶλλον
1141 1249 1167 1278 δὲ
1182 1249 1250 1283 Θεός
1259 1262 1265 1268 ·
1274 1250 1336 1288 μίαν
1347 1251 1466 1288 ἑωθινὴν,
1475 1251 1537 1290 μίαν
1549 1251 1698 1291 ἑσπερινήν.
1713 1251 1748 1282 Ἡ
1760 1253 1807 1291 ὀρ-

1029 1294 1103 1334 θρινὴ
1118 1295 1274 1335 εὐχαριστία
1288 1291 1320 1331 ἧν
1331 1296 1399 1337 ὑπὲρ
1413 1299 1460 1333 τῆς
1473 1294 1573 1331 νυκτός.
1597 1297 1632 1328 ‘O
1645 1297 1696 1338 γὰρ
1711 1298 1806 1326 διασω-

1029 1339 1081 1373 θεὶς
1094 1340 1142 1376 τὴν
1152 1339 1251 1376 νύκτα,
1262 1343 1413 1381 εὐχαριστεῖ
1426 1344 1453 1372 ἐν
1468 1345 1502 1381 τῇ
1517 1343 1615 1383 ἡμέρᾳ.
1631 1342 1667 1373 Ἦ
1680 1342 1805 1383 ἑσπερινὴ

1028 1385 1105 1414 θυσία
1119 1384 1274 1425 εὐχαριστία
1294 1382 1327 1421 ’ἦν
1344 1386 1409 1427 ὑπὲρ
1426 1389 1472 1423 τῆς
1493 1387 1603 1427 ἡμέρας.
1624 1387 1735 1423 Ἐπειδὴ
1749 1388 1806 1417 διε-

1028 1430 1145 1471 τῆρησάς
1160 1443 1208 1469 με,
1233 1430 1329 1471 φησὶν,
1352 1433 1379 1461 ἐν
1407 1435 1440 1472 τῇ
1457 1433 1562 1473 ἡμέρᾳ,
1590 1435 1740 1473 εὐχαριστῶ
1762 1444 1804 1462 σοι

1029 1476 1095 1516 ὑπὲρ
1114 1477 1177 1512 ὅλης
1190 1479 1237 1513 τῆς
1257 1476 1368 1517 ἡμέρας.
1382 1477 1418 1507 Ἥ
1439 1478 1534 1515 ἑωθινὴ
1549 1478 1626 1508 θυσία
1648 1480 1677 1509 οὐ
1697 1478 1804 1519 δέχεται

1029 1522 1074 1552 τὸν
1088 1523 1279 1562 ἁμαρτήσαντα
1301 1525 1328 1552 ἐν
1342 1523 1425 1553 νυκτί.
1440 1524 1493 1554 Διὰ
1505 1528 1582 1554 τοῦτο
1595 1524 1681 1564 λέγει·
1695 1525 1804 1564 Ἐπαρ-

1030 1580 1071 1601 σις
1083 1571 1135 1597 τῶν
1151 1570 1249 1609 χειρῶν
1264 1580 1315 1607 μου
1336 1569 1412 1599 Θυσία
1427 1570 1563 1610 ἑσπερινή.
1588 1570 1708 1611 Εἷσέρχῃ
1721 1571 1805 1601 ἑσπέ-

1031 1626 1093 1654 ραν,
1110 1615 1203 1648 ἁπλοῖς
1216 1614 1263 1648 τόις
1274 1619 1365 1654 χεῖρας
1376 1626 1383 1633 ·
1399 1617 1422 1644 εἰ
1436 1614 1527 1655 ἔχουσι
1543 1615 1694 1656 παῤῥησίαν
1708 1617 1814 1647 ἁπλοῦ--

1031 1662 1149 1689 σθωσαν·
1169 1661 1193 1690 εἶ
1219 1659 1256 1700 μὴ
1281 1660 1398 1701 ἔγραψαν
1419 1661 1522 1691 ἀδικίαν
1532 1683 1541 1698 ,
1566 1664 1589 1692 εἰ
1615 1662 1652 1701 μὴ
1680 1662 1805 1703 ἥρπασαν
1830 1672 1832 1675 “

1030 1705 1146 1742 πένητας
1158 1728 1166 1742 ,
1192 1708 1215 1736 εἰ
1230 1706 1267 1746 μὴ
1282 1706 1492 1743 ἐπλεονέκτησαν
1507 1707 1650 1748 ὀρφανοὺς,
1669 1710 1706 1742 ὣς
1719 1708 1805 1749 πρόσ·

1030 1763 1103 1781 ωπον
1132 1751 1240 1792 ἔχουσαι
1263 1752 1445 1793 ὓψούσθωσαν.
1470 1752 1603 1794 Ἔπαρσις
1626 1757 1679 1784 τῶν
1707 1757 1804 1795 χειρῶν

1031 1810 1081 1837 μου
1095 1811 1102 1817 ·
1122 1798 1181 1828 ἀντὶ
1194 1802 1257 1829 τοῦ·
1278 1799 1360 1839 βλέπε
1371 1822 1380 1836 ,
1406 1799 1504 1840 Κύριε,
1529 1801 1643 1841 καθαραὶ
1662 1802 1691 1830 αἱ
1709 1806 1805 1842 χεῖρες.

1030 1843 1135 1885 Ὥσπερ
1159 1845 1210 1886 γὰρ
1227 1847 1241 1874 ὁ
1257 1845 1414 1885 ἁμαρτήσας
1437 1846 1579 1885 πρόσωπον
1594 1848 1692 1887 ἐπᾶραι
1713 1849 1743 1878 οὐ
1758 1847 1805 1877 δύ-

1030 1902 1106 1919 ναται
1115 1911 1124 1925 ,
1143 1892 1202 1920 ἀλλ’
1229 1889 1281 1920 ὑπὸ
1294 1891 1467 1927 συνειδήσεως
1480 1892 1633 1932 κάμπτεται
1642 1905 1648 1911 ·
1663 1893 1732 1923 οὕτω
1744 1893 1805 1932 χεὶρ

1031 1935 1218 1975 μεμολυσμένη
1250 1935 1310 1965 οὐδὲ
1339 1937 1426 1977 τολμᾷ
1455 1937 1655 1977 ἀντιπρόσωπος
1683 1938 1805 1978 γενέσθαι

1030 1982 1102 2021 Θεῷ.
1123 1981 1225 2010 Βλέπε·
1247 1983 1271 2011 εἰ
1293 1982 1406 2022 καθαραὶ
1430 1983 1458 2012 αἱ
1483 1987 1572 2023 χεῖρες
1595 1984 1650 2013 ἀπὸ
1676 1978 1781 2017 ἀδικίας
1794 2005 1804 2020 ,

1030 2026 1229 2057 ἁπλούσθωσαν.
1250 2026 1302 2057 Διὰ
1315 2030 1392 2057 τοῦτο
1405 2030 1419 2058 ὁ
1432 2029 1599 2070 πατριάρχης
1613 2029 1734 2070 Ἀὸραὰμ
1746 2042 1803 2059 πα-

1032 2073 1166 2113 ρῃτήσατο
1193 2073 1283 2103 λαὸεῖν
1317 2074 1370 2103 ἀπὸ
1395 2076 1597 2116 αἰσχροκερδίας
1625 2076 1706 2116 κέρδη
1719 2098 1728 2112 ,
1760 2076 1805 2106 ὅτε

1030 2120 1118 2159 ἔλεγεν
1133 2120 1204 2160 αὐτῷ
1218 2122 1232 2149 ὁ
1244 2119 1367 2159 βασιλεὺς
1379 2120 1505 2160 Σοδόμων
1514 2133 1520 2140 ·
1540 2122 1614 2151 Λάὸε
1630 2122 1718 2152 πάντα
1727 2145 1736 2158 ,
1751 2123 1804 2162 μό-

1030 2177 1072 2195 νον
1100 2165 1147 2198 τδις
1174 2169 1304 2204 ,γυναῖκας
1337 2165 1481 2196 ἀπόλυσον.
1505 2166 1563 2197 Ἵνα
1585 2163 1630 2198 οὖν
1654 2167 1804 2208 παῤῥησίαν

1030 2211 1079 2252 ἔχῃ
1088 2234 1096 2248 ,
1108 2210 1181 2240 οὐδὲν
1195 2210 1287 2241 ἔλαὸεν
1296 2223 1303 2230 ·
1321 2212 1438 2252 καθαρὰς
1450 2212 1477 2242 δὲ
1492 2213 1560 2254 ἔχων
1570 2213 1618 2248 τὰς
1636 2218 1728 2254 χεῖρας
1745 2214 1801 2244 ἔλε-

1030 2269 1089 2296 γεν·
1114 2258 1233 2286 ’Em-zv&
1253 2258 1300 2291 τὰς
1320 2258 1411 2298 χεῖράς
1437 2270 1487 2297 μου
1511 2260 1576 2300 πρὸς
1600 2260 1644 2289 τὸν
1667 2260 1756 2296 Θεὸν,
1778 2260 1807 2294 ὃς

1031 2302 1139 2338 ἐποίησε
1158 2302 1203 2332 τὸν
1229 2304 1337 2344 οὐρανὸν
1362 2304 1408 2334 καὶ
1433 2304 1481 2341 τὴν
1506 2307 1563 2344 γῆν.
1591 2306 1643 2335 Καὶ
1665 2305 1804 2343 ἐξέτεινεν,

1031 2349 1122 2385 ἐπειδὴ
1137 2350 1185 2379 οὔκ
1200 2345 1267 2386 ἦσαν
1282 2350 1482 2389 μεμολυσμέναι
1495 2350 1582 2391 κέρδει
1595 2351 1688 2392 ἀδίκῳ.
1697 2350 1806 2391 Ἔπαρ-

1032 2407 1070 2429 σις
1090 2398 1144 2428 τῶν,
1156 2397 1253 2436 χειρῶν
1276 2408 1337 2435 μου.
1361 2395 1520 2436 Ἑρμηνεύει
1539 2397 1586 2433 τὸ,
1609 2391 1743 2436 Ἔπαρσις
1752 2399 1805 2427 τῶν

1031 2443 1128 2481 χειρῶν
1143 2453 1203 2480 μου,
1217 2443 1332 2475 Παῦλος·
1341 2441 1478 2481 Βούλομαι
1487 2438 1532 2471 οὖν
1545 2442 1605 2476 τοὺς
1615 2443 1710 2483 ἄνδρας
1723 2454 1807 2483 προσ-

1032 2487 1155 2526 εύχεσθαι
1177 2489 1204 2516 ἐν
1221 2487 1301 2517 παντὶ
1325 2487 1398 2527 τόπῳ
1410 2510 1418 2525 ,
1438 2488 1594 2527 ἐπαίροντας
1613 2489 1698 2522 ὁσίους
1712 2494 1805 2529 χεῖρας

1031 2533 1112 2572 χωρὶς
1125 2534 1206 2572 ὀργῆς
1213 2534 1259 2563 καὶ
1266 2535 1452 2573 διαλογισμῶν.
1460 2533 1495 2563 Ἡ
1504 2533 1604 2574 ἑσπέρα
1615 2536 1722 2565 ἀπαιτεῖ
1734 2538 1806 2575 ἡμᾶς

1032 2579 1066 2607 τὰ
1077 2582 1123 2615 τῆς
1140 2580 1252 2619 ἑσπέρας
1266 2580 1338 2620 ἔργα.
1362 2580 1465 2613 Ἁπλοῖς
1481 2580 1527 2613 τὰς
1543 2585 1634 2620 χεῖρας
1646 2593 1652 2599 ”
1675 2582 1767 2622 ἐρευνᾷ
1790 2583 1805 2610 ὁ
