1890 2826
96 1525 230 1555 Gen.1.⁴s!4.

95 1936 151 1957 Gen.
162 1937 202 1959 26.

102 2352 230 2374 Creatarum

88 2390 163 2404 ΓΕΙΊΙΙΙ]
193 2392 230 2405 0¹·-

90 2414 128 2436 do.

265 145 334 181 550

264 228 316 247 non
339 225 405 254 erat,
418 225 443 247 et
461 225 550 258 postca
563 218 668 257 genitus
686 219 748 249 est?
761 220 796 249 At
809 230 858 250 nos
869 220 1002 252 dicimus:

262 265 290 294 si
305 266 377 294 Deus
390 264 425 294 ita
440 275 543 304 semper
562 275 590 294 se
603 265 694 301 habet,
704 266 726 295 si
739 266 809 296 nihil
823 277 950 306 umquam
962 279 1006 298 ac-

262 310 363 349 quirat,
378 321 485 350 sempcr
506 311 585 340 etiam
607 318 646 340 est
667 312 755 341 Pater.
769 312 850 349 Quod
863 313 887 342 si
899 323 1006 354 semper

262 364 301 386 est
314 358 402 392 Pater,
413 368 517 397 semper
538 357 640 387 Filium
657 357 752 398 recipit
764 369 770 386 :
782 368 845 398 ergo
859 366 1004 389 ooaeternus

962 161 1141 187 SEVERIANI

1061 224 1089 253 δὲ
1102 225 1151 259 τῆς
1161 224 1305 263 γεννήσεως
1319 224 1415 264 τρόπον
1430 225 1582 265 ἑρμηνεύειν
1595 226 1642 256 οὐκ
1656 226 1830 266 ἐπιστάμεθα.

1059 268 1094 299 Ἢ
1108 269 1208 306 ἀληθὴς
1221 271 1316 310 γνῶσις
1341 270 1410 306 αὕτη
1431 271 1519 309 ἐστὶν,
1540 271 1571 302 τὸ
1584 271 1618 302 τὰ
1639 273 1831 312 ὓπερὸαίνοντα

1058 315 1106 351 τὴν
1121 315 1198 356 φύσιν
1213 317 1290 355 ἡμῶν
1314 317 1452 356 ὁμολογεῖν
1473 316 1512 356 μὴ
1529 317 1635 348 εἰδέναι.
1655 318 1696 348 Τὸ
1716 318 1765 358 μὲν
1785 313 1830 348 οἶν

1057 362 1174 400 γέννημα
1186 364 1399 402 προσκυνοῦμεν,
1409 362 1459 399 ἰ-ἡν
1471 361 1498 392 δὲ
1511 362 1588 404 φύσιν
1599 364 1628 394 οὖ
1640 365 1831 404 πολυπραγμο-

262 410 301 433 est
323 404 397 433 Patri
426 404 523 433 Filius.
550 402 652 434 Filium
670 404 788 435 dicimus
807 405 866 435 sine
883 406 1005 447 passione
1021 409 1039 432 E
1057 410 1159 446 νοῦμεν.
1173 409 1207 437 Et
1221 408 1269 447 μὲν
1284 404 1328 438 οῧν
1348 404 1381 446 ἦν
1401 409 1535 450 ἄνθρωπος
1547 412 1562 440 ὁ
1573 410 1715 450 γεννήσας,
1729 412 1831 450 ἀνθρω-

261 458 364 486 natum,
386 450 561 489 generationis
579 461 644 480 vero
665 451 776 481 modum
794 451 930 493 explieare
950 463 1003 483 non

261 506 411 535 possumus.
426 497 498 526 Vera
510 496 566 525 lioec
578 504 618 526 est
630 496 749 535 scientia,
764 504 795 527 ut
813 498 944 528 fateamur
955 509 1004 528 nos

260 553 290 570 ea
315 553 366 571 non
392 553 479 578 nosse,
493 553 552 581 qua}
575 550 698 573 naturam
723 550 839 573 nostram
863 552 1001 584 superant.

261 589 367 618 Prolem
389 590 477 628 itaque
499 589 653 625 adoramus,
667 596 791 619 naturam
804 601 868 621 vero
887 601 940 620 non
954 602 1001 620 cu-

260 636 330 665 riose
345 640 506 665 scrutamur.
523 636 552 666 Si
569 636 649 665 homo
661 642 730 665 esset
740 635 765 666 is
775 636 823 675 qui
836 637 939 676 genuit,
949 636 1002 666 hu-

258 692 363 711 manam
384 689 455 712 certe
476 682 672 721 generationem
690 681 836 711 habuisset.
852 682 882 712 Si
903 693 1001 723 corpus

257 728 405 766 habuisset,
419 729 553 768 genuisset
567 735 596 758 ut
609 739 718 768 corpus.
734 727 782 758 Sin
794 739 858 759 vero
872 729 999 759 immunis

1055 452 1134 489 πίνην
1146 454 1254 490 ἐποίησε
1267 454 1313 484 καὶ
1323 454 1373 490 τὴν
1383 454 1515 494 γέννησιν.
1526 456 1561 486 Εἰ
1573 457 1652 495 σῶμα
1665 450 1746 497 εἶχεν,
1760 455 1830 496 ἐγέν-

1056 510 1133 534 νησεν
1147 501 1183 532 ὡς
1197 502 1285 538 σῶμα.
1300 501 1334 529 Εἰ
1348 500 1376 530 δὲ
1391 501 1514 540 σώματος
1531 501 1714 539 ἀπήλλακται,
1728 502 1767 541 μὴ
1782 514 1830 532 πε-

1057 544 1150 584 ρίαπτε
1161 545 1368 584 σώματοςεοίθη
1388 548 1427 586 τῷ
1441 547 1586 588 ἀσωμάτῳ.
1598 549 1670 578 Ἀλλ’
1686 547 1809 588 ἐγέννησε
1817 572 1828 586 ‚

1055 591 1150 630 φησὶν,
1165 592 1196 620 ἐκ
1216 594 1263 627 τῆς
1278 591 1361 628 ἰδίας,
1373 592 1443 622 κατὰ
1453 593 1535 627 πάθος
1554 593 1691 633 ἐγέννησε,
1702 593 1771 624 κατὰ
1784 607 1828 626 το·

1055 637 1117 675 μὴν,
1132 638 1200 668 κατὰ
1219 640 1315 678 ῥεῦσιν.
1330 638 1421 668 netem
1440 638 1493 668 ἀπὸ
1510 641 1563 669 τῶν
1583 640 1689 680 γηΐνων.
1709 641 1732 675 Γ
1733 645 1794 681 εννᾷ
1806 644 1824 678 ἡ

1053 682 1171 722 ἄμπελος
1179 706 1187 719 ,
1201 690 1279 724 γεννᾷ
1293 687 1309 720 ἡ
1322 684 1398 714 ἐλαία
1408 706 1417 722 ,
1429 690 1509 725 γεννᾷ
1520 685 1565 715 καὶ
1578 685 1609 715 τὸ
1619 685 1704 726 ὕδωρ,
1715 685 1745 716 οὗ
1757 687 1826 717 κατὰ

1052 728 1101 764 τὴν
1122 729 1255 769 ἡμετέραν
1277 729 1370 770 φύσιν,
1396 730 1464 760 ἀλλὰ
1486 730 1556 760 κατὰ
1577 730 1626 768 τὴν
1651 730 1719 761 ἰδίαν
1743 731 1825 771 τάξιν.
1863 746 1867 751 ’

255 775 290 803 sit
302 786 316 803 a
334 786 457 815 corpore,
471 786 511 804 -ne
526 774 649 814 corporis
669 774 821 804 affectiones
841 774 998 815 incorporeo
1008 792 1043 813 10⁷¹
1052 776 1133 805 Πᾶσα
1149 776 1214 815 γυνὴ
1236 776 1342 806 ἐπειδὰν
1363 775 1438 816 παρὰ
1462 777 1534 806 Θεοῦ
1557 777 1628 817 λοίὸῃ
1653 777 1683 808 τὸ
1704 777 1826 817 γενέσθαι

255 821 402 852 adscribas.
419 824 455 851 At
475 822 578 862 genuit,
594 821 692 860 inquit,
703 832 741 850 ex
759 821 869 861 propria
889 828 996 858 natura,
1016 821 1036 843 Λ
1052 821 1152 861 μήτηρ,
1166 826 1330 862 κυοφοροῧσα
1345 823 1393 862 μὲν
1414 822 1552 862 ὤγκωται·
1567 824 1716 863 ἀποθεμένη
1731 824 1759 855 δὲ
1779 825 1825 854 τὸν

253 878 314 896 cum
325 868 446 908 passione
458 867 560 908 genuit,
574 878 622 907 per
632 866 786 904 sectionem,
796 877 845 906 per
854 867 996 904 effluxum.

254 915 297 944 Ex
316 915 429 944 terrenis
448 914 613 944 contrarium
631 914 727 954 probo.
748 913 845 953 Gignit
863 913 938 952 vitis,
953 914 995 954 gi-

251 962 308 1000 gnit
332 962 402 998 olea,
425 962 512 1002 gignit
523 961 602 991 etiam
621 971 705 1000 aqua,
718 970 772 990 non
788 959 936 990 secundum
950 971 996 990 na-

250 1014 338 1037 turam
348 1015 477 1044 nostram‚
488 1006 535 1037 sed
545 1006 693 1037 seeundum
706 1006 848 1046 proprium
860 1005 994 1036 ordinem.

249 1054 361 1090 Quaevis
384 1055 481 1084 mulier
503 1053 611 1093 quando
624 1052 653 1082 id
667 1063 681 1081 a
693 1054 751 1082 Deo
764 1059 927 1091 consequuta
941 1059 992 1090 est,

248 1107 277 1130 ut
298 1100 332 1130 sit
353 1107 447 1138 mater,
463 1107 569 1129 uterum
591 1106 686 1139 gestat,
707 1098 860 1128 intumescit
873 1099 991 1128 :emisso

247 1153 336 1175 autem
350 1147 450 1183 fructu,
464 1153 597 1175 tumorem
610 1145 697 1185 ponit.
711 1146 743 1174 In
756 1144 898 1174 arboribus
913 1155 994 1175 secus

246 1193 354 1222 accidit.
374 1194 534 1231 Priusquam
554 1191 676 1231 genuerit
693 1190 774 1219 arbor
791 1200 845 1220 uon
868 1191 990 1221 intume-

245 1240 316 1269 scit:
337 1249 400 1268 cum
422 1237 543 1278 genuerit
565 1244 623 1267 tum
647 1236 760 1266 crassior
773 1236 908 1272 efficitur,
929 1237 988 1266 sru-

245 1292 305 1315 etus
318 1292 432 1325 augetur
442 1307 449 1321 ,
462 1290 489 1314 et
503 1283 581 1313 radix
598 1282 812 1322 multiplicatur,
834 1292 920 1321 neque
937 1282 989 1312 im-

245 1331 360 1362 minutio
373 1338 413 1360 est
433 1330 551 1371 gignenti
565 1329 668 1365 radici,
689 1338 774 1367 neque
793 1334 856 1357 nato
877 1328 987 1357 fructui.

244 1378 341 1419 Gignit
353 1377 417 1408 vitis
426 1387 479 1407 non
491 1387 565 1406 more
578 1382 668 1405 nostro
679 1386 686 1403 ε
702 1376 843 1413 Deumque
854 1375 877 1403 si
890 1373 988 1404 audie-

243 1425 281 1454 ris
299 1425 438 1464 genuisse,
455 1423 587 1452 humanas
608 1421 743 1462 passiones
756 1420 888 1450 adscribis
908 1427 986 1450 natu-

244 1481 419 1500 ramnmnem
429 1470 575 1500 humanam
585 1467 745 1508 superanti?

283 1519 310 1548 5.
328 1519 370 1547 Et
391 1517 469 1546 dixit
489 1516 590 1545 Deus:
609 1515 729 1544 Educta
755 1520 833 1544 terra
856 1515 987 1545 anImam

243 1563 565 1594 vivememvsecundum
581 1570 690 1599 genus,
706 1560 926 1599 quadrupedes,
943 1570 987 1589 re-

1050 867 1150 907 καρπὸν
1165 868 1344 898 συστέλλεται.
1359 868 1424 898 Ἐπὶ
1440 869 1467 898 δὲ
1483 871 1536 898 τῶν
1550 869 1661 910 δένδρων
1675 869 1710 899 τὰ
1719 869 1825 900 ἐναντία

1049 913 1120 943 ἐστὶν
1136 915 1232 954 εὑρεῖν.
1248 914 1318 955 Πρὶν
1331 918 1444 955 γεννηθῇ
1459 917 1507 945 οὐκ
1519 915 1644 955 ὦγκωται
1655 927 1662 934 ·
1684 915 1748 945 ὅταν
1760 928 1823 956 γεν-

1047 959 1115 1000 νήσῃ
1138 961 1197 990 τότε
1216 961 1372 1001 παχύνεται,
1387 963 1402 991 ὃ
1413 961 1516 1001 καρπὸς
1536 961 1652 999 αὔξεται,
1672 961 1718 991 καὶ
1731 964 1748 998 ἡ
1764 961 1823 1003 ῥίζα

1046 1005 1216 1042 πληθύνεται,
1230 1006 1275 1036 καὶ
1296 1006 1356 1045 οὔτε
1368 1006 1475 1046 μείωσις
1495 1009 1528 1047 τῇ
1540 1006 1742 1048 γεννώσῃρίζῃ,
1761 1007 1822 1038 οὔτε

1047 1051 1190 1085 ἐλάττωσις
1207 1053 1246 1092 τῷ
1268 1052 1418 1091 γεννηθέντι
1442 1053 1621 1093 προσγίνεται.
1644 1052 1680 1083 Ἥ
1703 1053 1821 1092 ἄμπελος

1045 1102 1124 1137 γεννᾷ
1135 1099 1163 1127 οὗ
1175 1099 1233 1127 xeo*
1246 1100 1317 1136 ἡμᾶς
1325 1110 1332 1116 ·
1347 1099 1416 1129 Θεὸν
1429 1098 1474 1128 ἐὰν
1485 1098 1600 1139 ἀκούσῃς
1613 1099 1656 1135 ὅτι
1672 1098 1819 1139 ἐγέννησεν,

1045 1142 1197 1183 ἀνθρώπινα
1215 1143 1287 1179 πάθη
1309 1144 1463 1185 περιάπτεις
1482 1146 1521 1185 τῷ
1540 1149 1631 1186 πᾶσαν
1653 1139 1819 1185 ἀνθρωπίνην

1045 1189 1229 1229 ὑπερὸαίνοντι
1243 1189 1337 1229 φύσιν,

1078 1512 1133 1542 Καὶ
1144 1507 1216 1542 εἶπεν
1229 1514 1244 1542 ὁ
1257 1512 1341 1547 Θεός·
1360 1512 1511 1553 ἐξαγαγέτω
1530 1516 1549 1550 ἡ
1561 1515 1597 1553 γῆ
1617 1514 1705 1554 ψυχὴν
1727 1515 1813 1550 ζῶσαν

1038 1558 1106 1588 κατὰ
1118 1558 1202 1598 γένος,
1216 1558 1376 1598 τετράποδα,
1386 1558 1494 1599 ἑρπετὰ,
1506 1559 1594 1600 θηρία.
1608 1560 1652 1590 Τὰ
1663 1560 1814 1600 τετράποδα

240 1612 350 1651 plilia,
365 1612 483 1640 bestias.
499 1606 697 1648 Quadrupedes
708 1608 828 1647 jumenta
843 1613 924 1645 sunt;
941 1618 986 1636 re-
1003 1605 1022 1628 Β
1037 1602 1120 1639 κτήνη
1139 1603 1225 1632 ἐστίν·
1245 1602 1353 1642 ἑρπετὰ,
1369 1603 1460 1643 θηρία,
1478 1603 1550 1644 ὄφις,
1566 1604 1668 1644 δράκων
1680 1616 1686 1622 ·
1710 1605 1740 1633 οὔ
1762 1603 1813 1644 γὰρ

242 1658 337 1698 ptiles,
349 1657 442 1686 bestiae
452 1679 460 1693 ,
473 1665 581 1696 serpens
594 1661 621 1683 et
633 1653 734 1691 dt·aco;
751 1663 838 1692 neque
851 1653 924 1682 enim
940 1653 987 1683 be-

241 1703 298 1733 stiae
311 1703 400 1733 solum
421 1701 595 1742 subjugales,
609 1698 658 1729 sed
678 1698 759 1728 etiam
778 1708 840 1737 quae
859 1698 987 1728 oneribus

242 1747 372 1785 ferendis,
385 1749 505 1788 jumenta
527 1745 665 1775 dicuntur.
691 1741 837 1782 Quidquid
849 1742 920 1772 foeno
939 1753 985 1773 ve-

242 1793 336 1831 scitur,
351 1793 409 1823 sive
423 1794 482 1829 bos,
495 1792 552 1822 sive
565 1790 624 1820 ovis
634 1813 643 1827 ,
654 1800 735 1830 pecus
749 1795 878 1819 vocatur:
891 1791 988 1825 κτῆνος

242 1841 300 1869 sive
314 1851 396 1880 pecus
409 1839 510 1868 dicitur
519 1860 526 1874 ‚
539 1836 602 1876 quia
624 1842 667 1865 est
679 1837 771 1874 κτῆμα
786 1835 843 1864 sive
857 1835 987 1874 possessio

242 1886 370 1915 hominis.
385 1884 468 1922 Quod
479 1891 570 1913 autem
585 1892 648 1912 oves
658 1888 684 1911 et
692 1881 775 1910 boves
786 1891 881 1920 pecora
893 1891 988 1912 vocen-

244 1941 289 1964 tur
302 1934 458 1963 testifleatur
471 1932 626 1972 Scriptura:
638 1931 679 1959 Et
685 1929 812 1969 suerunt
820 1929 869 1958 illi
879 1939 985 1968 pecora

244 1984 340 2011 ovium
354 1988 383 2010 et
393 1990 499 2020 pecora
513 1979 610 2008 boum.
625 1976 738 2016 Repleta
756 1982 795 2005 est
809 1982 880 2004 terra
892 1997 900 2013 ,
924 1986 984 2005 ver-

242 2028 322 2057 nabat
338 2027 481 2061 fructibus,
494 2024 608 2065 protulit
623 2022 750 2052 animalia
759 2033 769 2060 5
782 2020 984 2051 desiderabatur

242 2074 353 2103 demum
373 2080 449 2113 pater
468 2071 583 2101 familias
590 2082 599 2108 3
615 2069 710 2098 caelum
732 2074 857 2096 ornatum
877 2067 982 2105 fuerat,

242 2127 311 2150 terra
323 2119 503 2150 variodecore
511 2116 678 2157 splendebat,
690 2114 822 2154 repletum
835 2121 891 2143 erat
901 2125 983 2152 mare,

241 2177 285 2196 aer
298 2166 392 2197 avium
411 2163 586 2195 multitudine
602 2167 710 2191 ornatus
730 2166 795 2188 erat.
811 2159 909 2189 Omnia
930 2171 984 2199 pa-

240 2218 297 2241 rata
310 2217 396 2245 erant,
411 2216 438 2240 et
459 2206 661 2238 desiderabatur
674 2204 765 2234 homo.
781 2204 842 2232 Non
855 2203 898 2232 illi
916 2214 982 2233 con-

240 2257 357 2287 tumeliae
371 2264 420 2295 est,
439 2254 513 2296 quod
529 2253 565 2283 sit
579 2258 739 2293 postremus,
758 2248 805 2278 sed
817 2249 868 2278 hoc
882 2249 924 2278 illi
938 2260 983 2279 ce-

240 2303 281 2333 dit
293 2304 389 2334 honori
399 2317 407 2333 :
420 2307 585 2344 praeparatur
597 2298 670 2328 enim
681 2296 789 2331 domus,
804 2301 831 2324 et
844 2294 983 2324 inducitur

240 2358 316 2391 pater
338 2347 464 2380 familias.
478 2347 557 2379 Nihil
578 2345 680 2385 quippe
701 2344 775 2372 Deus
798 2341 982 2380 intempestive

240 2406 265 2429 et
278 2399 336 2428 sine
348 2397 429 2428 modo
441 2396 515 2433 facit,
537 2393 585 2424 sed
604 2397 700 2422 cuncta
721 2388 756 2418 ad
772 2394 874 2418 certum
888 2398 978 2416 usum.

240 2449 279 2476 Ac
293 2445 356 2477 vide
378 2443 511 2474 ordinem.
533 2439 625 2471 Primo
645 2437 708 2467 fecit
727 2436 801 2465 Deus
818 2433 932 2462 herbam
953 2440 979 2463 et

238 2496 350 2531 foenum,
365 2499 391 2522 et
412 2497 501 2531 postea
521 2485 647 2518 animalia
664 2493 724 2522 quae
738 2481 781 2511 his
800 2479 976 2531 nutrirentur.

238 2542 297 2570 Nisi
319 2540 389 2569 enim
409 2543 494 2568 essent
516 2535 652 2568 alimenta,
675 2527 860 2569 intempestiva
885 2527 977 2555 fuisset

1038 1648 1116 1687 μόνον
1129 1648 1164 1677 τὰ
1177 1647 1257 1689 θηρία
1267 1647 1301 1677 τὰ
1311 1648 1495 1679 ὑποπίπτοντα
1509 1649 1594 1686 κτήνη
1611 1649 1728 1691 λέγεται,
1744 1649 1813 1679 ἀλλὰ

1037 1694 1082 1724 καὶ
1101 1694 1135 1724 τὰ
1153 1694 1297 1735 ἀχθοφόρα.
1317 1694 1378 1723 Πᾶν
1398 1694 1580 1735 χορτοφάγον,
1600 1695 1653 1724 εἴτε
1668 1697 1745 1735 βοῦς,
1759 1694 1812 1725 εἴτε

1036 1741 1179 1781 πρόὸατον,
1192 1742 1287 1775 κτῆνος
1300 1741 1433 1777 καλεῖται,
1444 1743 1538 1777 κτῆνος
1548 1741 1623 1782 παρὰ
1635 1741 1666 1770 τὸ
1675 1743 1767 1780 κτῆμα
1775 1736 1814 1770 εἶ-

1037 1799 1080 1817 ναι
1090 1790 1136 1817 τοῦ
1143 1786 1290 1826 ἀνθρώπου.
1297 1786 1360 1816 ’Ότι
1371 1785 1399 1816 δὲ
1412 1785 1497 1823 κτήνη
1507 1789 1627 1817 καλεῖται
1639 1787 1683 1817 καὶ
1692 1787 1812 1828 πρόὸατα

1037 1833 1083 1863 καὶ
1106 1833 1173 1872 βόες,
1200 1836 1327 1872 μαρτυρεῖ
1350 1834 1367 1868 ἡ
1391 1832 1486 1873 Γραφή
1497 1845 1504 1851 ·
1518 1833 1573 1863 Καὶ
1595 1834 1714 1873 ἐγένοντο
1739 1835 1812 1874 αὐτῷ

1037 1879 1121 1915 κτήνη
1134 1878 1275 1918 προὸαίτων
1288 1877 1334 1907 καὶ
1353 1877 1438 1914 κτήνη
1459 1880 1537 1918 βοῶν.
1558 1879 1720 1919 Ἔπληρώθη
1734 1882 1752 1916 ἡ
1763 1882 1810 1920 γῆ,

1037 1924 1122 1963 ἐκόμα
1132 1929 1186 1957 τοῖς
1196 1927 1317 1963 καρποῖς,
1327 1923 1476 1963 προήνεγκε
1486 1924 1520 1954 τὰ
1531 1926 1586 1959 ζῶα
1596 1937 1602 1944 ·
1617 1925 1705 1955 ἔλειπε
1719 1926 1811 1959 λοιπὸν

1036 1973 1050 2000 ὃ
1064 1970 1250 2006 οἰκοδεσπότης
1261 1981 1267 1988 ·
1282 1971 1296 1998 ὁ
1311 1969 1418 2009 οὐρανὸς
1430 1970 1653 2008 ἔκεκαλλώπιστο,
1667 1974 1684 2007 ἡ
1698 1974 1733 2011 γῆ
1744 1973 1810 2001 ἐπε-

1036 2017 1171 2053 ποίκιλτο,
1193 2018 1211 2052 ἡ
1235 2015 1354 2045 θοίλασσα
1376 2015 1560 2055 ἐπεπλήρωτο,
1581 2018 1596 2045 ὁ
1623 2016 1680 2057 ἀὴρ
1700 2017 1808 2057 ὀρνίθων

1001 2071 1020 2094 C
1035 2062 1199 2101 ἐκεκόσμητο
1212 2061 1316 2097 πλήθει.
1329 2061 1422 2090 Πάντα
1436 2057 1468 2097 ἦν
1489 2060 1594 2101 ἕτοιμα,
1607 2063 1652 2092 καὶ
1670 2062 1773 2098 ἔλειπεν
1795 2066 1810 2094 ὁ

1034 2108 1179 2149 ἄνθρωπος.
1207 2108 1269 2148 Οὐχ
1292 2106 1426 2147 ὓὸρίζεται
1450 2107 1478 2137 δὲ
1502 2109 1541 2148 τῷ
1566 2102 1633 2138 εἶναι
1649 2110 1807 2146 τελευταῖος,

1035 2154 1107 2184 ἀλλὰ
1114 2158 1239 2193 τιμᾶται·
1254 2152 1482 2192 παρασκευάζεται
1496 2152 1548 2193 γὰρ
1563 2155 1578 2183 ὁ
1590 2149 1669 2190 οἶκος,
1683 2154 1728 2184 καὶ
1737 2155 1810 2184 εἰσά-

1034 2212 1110 2240 γεται
1121 2201 1135 2229 ὃ
1147 2198 1343 2235 οἰκοδεσπότης.
1355 2199 1440 2228 Οὐδὲν
1451 2199 1502 2239 γὰρ
1513 2201 1527 2228 ὁ
1534 2199 1604 2234 Θεὸς
1614 2199 1674 2230 οὔτε
1683 2196 1807 2241 ἀκαίρως,

1035 2246 1095 2276 οὔτε
1109 2245 1230 2285 ἀμέτρως
1241 2249 1320 2281 ποιεῖ,
1332 2244 1400 2274 ἀλλὰ
1413 2244 1500 2274 πάντα
1515 2245 1558 2275 διὰ
1572 2245 1621 2282 τὴν
1633 2246 1736 2287 χρείαν.
1754 2248 1807 2277 Καὶ

1037 2292 1118 2332 βλέπε
1132 2291 1180 2328 τὴν
1198 2291 1279 2325 τάξιν.
1299 2292 1411 2331 Πρῶτον
1435 2291 1558 2327 ἐποίησεν
1576 2293 1590 2321 ὁ
1610 2291 1679 2325 Θεὸς
1693 2292 1806 2332 βοτάνην

1034 2338 1080 2368 καὶ
1093 2338 1201 2378 χόρτον,
1216 2337 1261 2367 καὶ
1274 2337 1333 2366 τότε
1347 2337 1381 2366 τὰ
1392 2336 1471 2376 θηρία
1482 2337 1638 2377 τρεφόμενα.
1653 2338 1707 2367 Καὶ
1718 2340 1742 2368 εἷ
1757 2341 1805 2369 οὐκ

1033 2380 1066 2421 ἦν
1080 2385 1114 2414 τὰ
1128 2384 1265 2425 τρέφοντα,
1280 2383 1388 2423 ἄκαιρος
1398 2378 1431 2418 ἦν
1444 2381 1462 2418 ἧ
1476 2383 1634 2424 δημιουργία
1646 2386 1699 2413 τῶν
1716 2384 1803 2422 ζώων,

1034 2430 1196 2470 ζημιουμένη
1206 2431 1258 2459 τῶν
1266 2431 1374 2470 καρπῶν
1387 2428 1435 2465 τὴν
1442 2428 1551 2458 ἔνδειαν.
1559 2428 1688 2466 Ἐποίησε
1697 2431 1731 2460 τὰ
1743 2431 1805 2471 τρέ-

1033 2489 1124 2518 φοντα,
1147 2476 1193 2506 καὶ
1214 2475 1274 2505 τότε
1299 2475 1334 2505 τὰ
1363 2474 1511 2515 τρεφόμενα
1535 2478 1785 2516 προπαρασκευάζει
1794 2490 1802 2496 ·

1030 2526 1135 2563 πρῶτον
1147 2522 1193 2556 τὰς
1205 2521 1304 2562 χρείας,
1318 2521 1362 2551 καὶ
1379 2521 1461 2554 οὕτως
1477 2521 1580 2561 ἐἰσάγει
1594 2522 1627 2551 τὰ
1645 2524 1694 2559 τῆς
1709 2523 1802 2564 χρείας

236 2586 393 2616 animalium
416 2583 524 2621 ercam„
544 2591 604 2620 (1¹¹ae
618 2577 730 2619 penuria
747 2577 884 2606 fructuum
899 2572 974 2602 labo-
994 2579 1014 2602 D
1031 2570 1179 2609 μεθέξοντα.
1210 2567 1291 2598 Οὕτω
1321 2567 1366 2597 καὶ
1394 2566 1438 2596 ἐπὶ
1460 2569 1512 2596 τῶν
1537 2568 1560 2597 Γ
1562 2570 1651 2607 ραφῶν
1679 2569 1796 2606 ἐποίησε.
