1904 2840
19 1497 95 1522 lom.
110 1505 146 1523 n.

660 239 694 261 ΙΝ
721 239 929 263 MATTHAEUM.
958 240 1083 264 HOMtL.
1110 242 1230 266 xxxtx.

1654 233 1724 280 903

185 299 246 328 loco
260 305 361 329 secreto
371 320 380 335 ‚
397 305 427 329 ut
446 308 494 329 nec
510 299 630 329 mundus
649 307 736 330 tecum
756 301 860 340 aliquid
879 301 927 331 ha·
945 301 1029 331 Ased
1041 303 1126 342 magis
1139 303 1250 333 illorum
1264 304 1369 335 salsitas
1382 304 1531 344 corrumpit
1543 304 1569 333 in
1585 315 1613 334 se
1626 305 1725 336 dulco—

184 339 246 368 beat
257 348 416 376 commune,
432 348 481 368 nec
499 345 528 368 tu
542 350 604 368 cum
618 339 729 369 mundo.
747 341 788 370 Et
801 342 844 369 ait
859 341 906 370 illi
917 353 927 370 .-

183 379 354 417 Numquam
363 388 400 407 ex
411 379 566 419 test-actus
580 386 721 409 nascatur
729 382 762 409 in
775 385 927 420 sempiter-

185 428 266 447 num.
281 418 342 448 Non
354 418 418 457 quia
441 418 582 448 maledixit
594 419 717 449 arborem
726 442 734 457 ‚
749 420 810 450 ideo
822 421 926 450 fructus

181 468 236 488 non
245 457 332 494 dedit,
339 458 388 488 sed
396 460 459 497 quia
473 469 526 488 non
536 458 626 496 dabat,
632 459 693 489 ideo
701 459 843 489 maledixit
849 460 886 496 ei,
897 467 926 489 ut

182 507 231 527 nec
249 497 315 527 solia
335 498 395 538 ipsa
418 498 564 539 pmferret5
580 498 608 528 id
621 507 671 536 cst,
686 510 740 529 non
762 500 824 529 ideo
836 500 926 530 Judaei

181 537 359 577 perdiderunt
368 538 513 577 justitiam,
528 538 591 576 quia
610 540 684 568 Deus
703 549 749 568 eos
766 539 922 578 dereliquit,

181 577 230 607 sed
242 577 303 607 ideo
315 588 361 607 eos
375 580 449 607 Deus
467 577 623 617 dereliquit,
637 579 700 617 quia
715 578 849 624 justitiam
870 590 924 609 non

179 617 336 655 afferebant,
349 625 380 647 ut
391 628 440 647 nec
452 618 509 657 ipsa
523 618 624 658 species
636 619 743 658 pietatis
752 625 821 648 esset
834 619 861 648 in
873 619 922 655 eis,

179 663 228 687 aut
239 668 339 688 sermo.
356 658 393 688 Et
417 668 480 687 vere
498 658 568 687 sicut
589 658 687 688 melius
706 665 763 694 est,
778 665 808 687 ut
820 669 874 687 non
887 659 923 688 sit

179 697 273 733 arbor,
284 708 366 736 quam
391 705 421 727 ut
442 698 476 727 sit
494 697 615 736 quidem,
629 704 655 727 et
676 698 825 727 secundum
838 709 922 738 genus

179 745 261 766 suum
283 737 402 767 fructum
415 747 469 767 non
486 737 568 767 faciat
580 749 588 766 ε
602 738 642 767 sic
654 737 752 767 melius
764 745 815 775 est,
831 746 860 768 ut
874 749 922 768 nec

179 776 215 806 sit
225 776 307 806 homo
318 777 380 813 Dei,
393 787 475 816 quam
486 783 516 806 ut
526 777 562 807 sit
573 776 693 816 quidem,
706 785 732 807 et
743 778 922 807 conversatio·

180 825 240 846 nem
255 826 308 845 non
321 816 418 846 babeat
431 816 579 846 secundum
593 818 690 846 Deum.
705 817 761 855 Qui
775 818 846 847 enim
859 825 922 847 tuus

180 865 234 885 non
247 862 297 892 est,
312 856 336 886 si
359 856 409 885 tibi
422 866 475 886 non
499 856 621 892 obaudit,
638 867 691 886 non
713 857 789 886 doles
804 870 810 886 :
825 858 860 886 de
873 857 922 887 illo

178 901 269 925 autem
278 896 396 935 graviter
405 895 491 928 doles,
501 896 549 934 qui
563 903 625 926 tuus
634 903 684 933 est,
693 904 719 926 et
730 903 756 926 te
768 899 923 934 contemnit,
938 908 940 910 ·

178 942 206 964 et
223 935 286 964 aliis
298 935 383 965 servit
397 947 404 964 =
420 935 460 965 sic
472 937 545 965 Deus
556 946 610 965 non
623 943 727 966 tantum
740 936 775 965 de
797 937 884 967 alieno
898 945 924 967 et

179 981 270 1014 aperte
294 974 405 1004 diabolo
431 975 559 1005 servienti
582 976 719 1012 irascitur,
734 983 864 1015 quantum
889 978 924 1007 de

178 1024 228 1043 suo
241 1014 344 1044 diaboli
357 1014 468 1044 faciente
490 1015 666 1045 voluntatem.
682 1015 746 1045 Ideo
766 1017 795 1045 in
807 1016 861 1046 fine
875 1027 923 1046 sae-

177 1053 235 1084 cult
246 1054 304 1094 ipse
314 1056 388 1084 Deus
398 1054 485 1084 mittet
497 1055 677 1094 operationem
690 1056 788 1085 erroris
802 1056 830 1084 in
843 1057 921 1093 tales,

179 1093 248 1123 sicut
260 1101 286 1123 et
297 1094 418 1133 quotidie
430 1094 491 1123 fieri
503 1093 637 1131 videmus,
651 1102 681 1124 ut
691 1095 800 1125 credant
813 1096 923 1126 menda-

177 1133 231 1169 cio,
241 1134 290 1172 qui
302 1144 356 1163 non
366 1133 538 1163 crediderunt
547 1134 664 1171 veritati,
674 1135 721 1164 sed
733 1143 923 1165 consenserunt

178 1173 325 1211 iniquitati,
338 1180 369 1203 ut
390 1173 546 1213 judicentur
567 1184 668 1203 omnes.
684 1176 745 1204 Non
766 1175 828 1205 vult
851 1177 923 1205 enim

178 1219 209 1242 ut
222 1212 366 1243 videantur
378 1223 435 1243 esse
449 1213 550 1252 ipsius,
565 1214 614 1252 qui
626 1224 689 1243 vere
702 1224 754 1244 non
769 1222 831 1244 sunt
850 1216 921 1256 ejus.

177 1253 257 1282 Uxor
277 1253 406 1282 meretrix
427 1253 524 1282 melius
542 1260 583 1283 est
604 1260 633 1283 ut
653 1264 702 1284 uec
726 1255 761 1284 sit
782 1255 837 1284 viri
861 1255 903 1285 sui
913 1278 921 1293 ,

177 1302 259 1331 quun
273 1299 303 1322 ut
315 1293 373 1333 ipsa
386 1293 473 1327 illius,
489 1292 559 1322 male
573 1293 736 1323 ambulando
751 1295 848 1324 excitet
860 1306 923 1325 cum

177 1331 204 1361 in
231 1332 299 1363 mlo.
323 1334 364 1362 Ee
389 1333 524 1373 arefacta
549 1339 592 1363 est
618 1335 758 1363 continuo
775 1335 920 1374 ficulnea.

177 1373 228 1401 20.
241 1373 284 1402 Et
294 1372 426 1402 vellentes
434 1372 580 1412 discipuli,
590 1374 690 1403 mirati
698 1381 766 1402 sunt
776 1374 904 1404 dicentes
911 1387 920 1403 .-

181 1412 334 1450 Quomodo
345 1414 483 1442 continuo
495 1414 574 1441 amit
572 1413 712 1453 ficulnea
719 1415 732 1441 9
745 1413 836 1443 Mirati
847 1421 920 1452 sunt,

177 1451 243 1490 quia
253 1462 341 1481 sermo
352 1453 412 1491 ejus
423 1451 500 1491 quasi
510 1451 618 1482 flamma
629 1452 767 1482 descendit
775 1453 810 1483 ad
819 1453 922 1484 radices

981 341 1072 370 dinem
1085 343 1249 372 venientium
1265 344 1408 374 fluminum
1422 344 1450 373 in
1465 355 1538 374 mare
1549 344 1630 384 hujus
1642 356 1724 376 mun-

979 381 1020 417 di,
1038 381 1083 410 ubi
1098 392 1202 421 semper
1212 383 1386 413 dominantur
1399 390 1550 424 potestates,
1566 384 1723 415 etdiverso-

978 431 1040 450 rum
1054 422 1200 461 spirituum
1218 423 1366 462 periculosa
1387 424 1541 454 certamina.
1557 424 1632 454 Sicut
1651 426 1722 455 enim

978 461 1086 490 assidua
1100 468 1139 490 est
1153 462 1181 491 in
1195 463 1263 492 mari
1276 470 1429 503 tempestas,
1444 463 1483 492 sic
1504 463 1531 492 in
1554 463 1605 493 isto
1620 465 1722 495 mundo

978 501 1148 540 persequutio
1170 509 1281 539 satanae,
1297 503 1344 532 ubi
1367 513 1515 541 numquam
1540 505 1721 543 tranquillitas

975 547 1026 577 est,
1041 540 1088 569 sed
1105 541 1307 570 ascendentibus
1319 542 1409 579 undis,
1426 542 1454 571 id
1467 549 1516 578 est,
1532 544 1721 574 tentationibus
1740 550 1743 554 ”

980 579 1180 619 impellentibus
1202 588 1228 610 et
1242 581 1378 620 impulsis,
1392 581 1509 611 invicem
1523 592 1550 611 se
1569 584 1723 622 percutiunt

976 629 1062 657 aquae,
1076 626 1102 648 et
1112 620 1226 649 invicem
1238 631 1265 649 se
1275 621 1402 660 frangunt
1416 627 1443 649 et
1462 621 1678 660 confringuntur,
1694 632 1721 654 et

976 658 1092 688 invicem
1106 669 1134 688 se
1147 660 1342 699 confringentes
1354 660 1497 698 quemdam
1510 661 1720 693 irrationabilem

976 709 1072 728 sonum
1095 698 1169 727 dant.
1185 700 1231 729 Sic
1255 700 1356 739 seipsos
1381 700 1502 729 homines
1511 722 1519 736 ,
1535 702 1719 732 occasionibus

976 737 1058 778 hujus
1080 738 1175 776 mundi
1188 749 1223 768 ex
1245 739 1303 778 ipso
1326 738 1428 768 mundo
1448 740 1627 778 nascentibus,
1641 744 1719 780 quasi

977 778 1069 813 undis,
1083 789 1111 807 se
1125 778 1241 808 invicem
1254 778 1399 808 comedunt
1411 785 1438 807 et
1461 778 1630 819 impugnant,
1646 789 1672 811 et
1684 793 1718 811 ex

975 828 1003 846 se
1016 818 1092 856 quasi
1106 818 1212 847 insanas
1225 829 1305 848 voces
1319 818 1405 858 pelagi
1419 817 1567 848 dimittunt.
1581 820 1661 849 Unde
1671 821 1718 850 di-

975 858 1051 887 cebat
1061 858 1197 898 apostolus
1211 870 1218 886 :
1233 859 1335 887 Omnis
1348 859 1461 887 clamor
1473 865 1501 887 et
1515 861 1560 887 ira
1569 860 1692 889 tollatur
1700 871 1719 890 a
1730 869 1811 897 Ephes.
1829 870 1853 898 4.

975 899 1072 927 vobis.
1087 899 1174 927 Mitte
1197 904 1224 926 te
1245 900 1277 926 in
1300 908 1390 926 mare.
1406 898 1463 927 Ubi
1478 907 1560 927 sonus
1580 898 1767 938 confusus,3¹·

975 937 1022 966 ubi
1037 937 1212 967 inconstantia
1227 944 1334 974 aeterna,
1351 937 1398 966 uhi
1419 937 1595 977 insatigabilis
1611 947 1718 970 conten-
1728 955 1800 971 ccxiv

975 976 1013 1006 tio
1027 976 1173 1012 undarum,
1188 977 1236 1005 ubi
1246 977 1327 1006 timor
1339 984 1388 1011 est,
1402 983 1428 1006 et
1437 987 1542 1017 semper
1554 979 1647 1008 mortis
1659 979 1720 1009 fluit

975 1016 1074 1056 imago.
1090 1018 1139 1046 92.
1157 1018 1198 1045 Et
1211 1027 1296 1045 omne
1309 1017 1513 1056 quodcumque
1534 1018 1676 1056 petieritis
1688 1021 1720 1048 in

975 1058 1117 1092 eratione,
1132 1058 1280 1085 credentes
1297 1058 1455 1093 accipietis.
1471 1057 1595 1086 Gratiam
1608 1058 1717 1096 quidem

976 1095 1039 1125 fidei
1062 1098 1135 1125 Deus
1154 1095 1351 1130 donat;tamen
1365 1095 1487 1125 homines
1506 1107 1564 1126 eam
1583 1098 1717 1136 nutriunt,

975 1142 1001 1164 et
1014 1136 1116 1165 faciunt
1129 1136 1223 1165 fortem
1240 1147 1247 1164 ε
1264 1134 1332 1164 fides
1354 1142 1443 1165 autem
1456 1136 1520 1166 facit
1535 1136 1720 1167 abstinentiam

975 1186 1066 1205 rerum
1079 1176 1222 1211 malarum,
1236 1181 1261 1204 et
1273 1184 1341 1214 opus
1352 1175 1496 1204 bonarum.
1511 1178 1618 1213 Quanto
1633 1178 1720 1218 inagis

976 1221 1001 1244 te
1012 1215 1174 1250 abstinueris
1187 1226 1203 1244 a
1215 1214 1296 1250 malo,
1310 1221 1336 1244 et
1357 1221 1486 1254 sequutus
1505 1216 1588 1245 fueris
1600 1216 1702 1246 bonum
1711 1241 1718 1254 ,

974 1261 1047 1283 tanto
1069 1255 1188 1300 amplius
1207 1254 1289 1283 fidem
1312 1261 1385 1283 tuam
1405 1255 1500 1284 sortem
1520 1256 1595 1285 sacis.
1611 1258 1719 1293 Quanto

974 1301 1064 1323 autem
1089 1305 1179 1323 minus
1202 1294 1363 1323 abstinueris
1374 1305 1389 1322 a
1403 1294 1487 1330 malo,
1502 1301 1528 1324 et
1541 1296 1718 1334 negligentius

974 1334 1068 1363 feceris
1078 1333 1190 1370 bonum,
1201 1340 1275 1363 tanto
1288 1333 1373 1373 magis
1384 1334 1466 1363 fidem
1479 1333 1613 1363 infirmam
1624 1335 1718 1365 habes.

974 1375 1024 1405 25.
1040 1374 1082 1403 Ee
1095 1384 1161 1403 cum
1173 1374 1298 1402 venisset
1319 1373 1350 1402 in
1366 1374 1521 1413 templum,
1539 1383 1721 1405 accesserunt

974 1414 1015 1442 ad
1027 1423 1093 1442 eum
1106 1414 1254 1442 docentem
1265 1414 1411 1452 principes
1423 1415 1617 1450 sacerdotum,
1631 1421 1659 1443 et
1673 1426 1721 1444 se—

975 1454 1070 1482 niores
1082 1453 1183 1492 populi
1192 1474 1200 1489 ‚
1213 1453 1342 1481 dicentes
1355 1464 1364 1480 t
1378 1455 1414 1481 In
1428 1464 1488 1493 qua
1499 1460 1644 1493 potestate
1658 1455 1720 1484 hoec

177 1491 273 1531 ipatus.
280 1492 305 1522 Ο
313 1492 437 1532 apostoli,
443 1491 490 1531 qui
496 1491 604 1522 vidistis
613 1493 744 1522 Lazarum
751 1493 888 1533 sepultum
894 1503 922 1523 et
937 1501 956 1525 c
965 1493 1049 1536 sucis
1057 1495 1071 1521 Ρ
1082 1499 1110 1522 et
1122 1494 1186 1530 quis
1199 1493 1252 1520 tibi
1263 1493 1344 1521 dedit
1355 1493 1433 1521 hanc
1441 1500 1613 1532 potestatem
1621 1496 1635 1521 P
1644 1495 1720 1530 Quo-

177 1531 320 1570 putridum
329 1533 428 1561 iterum
436 1531 585 1561 venientem
592 1531 627 1560 ad
633 1532 716 1562 vitam
724 1533 781 1561 solo
788 1543 918 1562 sermone:

176 1570 244 1609 quid
254 1570 401 1606 miramini,
409 1571 432 1600 si
440 1570 541 1600 videtis
548 1571 671 1600 arborem
678 1572 736 1600 solo
744 1582 864 1601 sermone
871 1572 922 1602 sic-

162 1614 167 1626 (
177 1617 262 1639 catam
271 1610 285 1639 P
294 1610 350 1646 Qui
360 1610 431 1639 enim
441 1617 528 1649 potest
535 1611 621 1639 vitam
631 1610 793 1646 donare‚ille
804 1617 888 1650 potest
896 1618 922 1641 et

177 1650 262 1679 vitam
272 1650 377 1678 auferre
386 1662 391 1677 ε
401 1650 447 1688 qui
455 1656 546 1679 autem
555 1649 639 1679 vitam
646 1650 750 1679 auferre
760 1660 812 1678 non
824 1657 919 1690 potest,

177 1699 226 1719 nec
235 1689 319 1719 vitam
328 1688 393 1718 dare
403 1695 498 1729 potest.
508 1690 541 1718 st
551 1710 558 1717 .
567 1690 756 1728 Respondens
766 1696 865 1718 autem
873 1691 895 1719 J
896 1701 921 1719 e-

177 1739 236 1763 ηις,
249 1730 293 1757 ait
304 1729 365 1758 illis
378 1740 387 1757 ε
402 1729 503 1758 Amen
516 1729 582 1757 dico
603 1730 700 1765 vobis,
714 1731 740 1758 si
760 1730 920 1759 habueritis

170 1769 275 1810 sideru,
286 1774 314 1797 et
324 1779 383 1797 non
393 1769 606 1803 hoesitaveritis‚
615 1779 675 1798 non
684 1769 779 1798 solum
789 1770 826 1798 de
831 1769 920 1808 ficul-

178 1820 236 1839 nea
270 1810 370 1838 a'ciezis
386 1820 394 1837 ε
410 1809 462 1838 sed
482 1814 512 1838 et
533 1809 559 1837 si
573 1810 665 1837 monti
686 1808 756 1837 huic
775 1809 918 1844 dixer-ius,

182 1850 236 1880 Tol
275 1855 313 1885 te,
321 1855 350 1877 ει
355 1849 439 1887 jacta
449 1854 477 1877 te
487 1850 518 1876 in
529 1848 689 1887 mare,fiet.
701 1849 780 1877 Mons
792 1848 840 1877 ille
848 1848 920 1878 invi-

177 1889 277 1925 sibilis,
288 1888 335 1927 qui
346 1888 455 1917 arbores
465 1888 644 1917 infructuosas
655 1886 791 1928 producit,
803 1887 851 1917 ubi
863 1888 919 1917 loca

144 1948 147 1952 ·
177 1936 283 1970 petrosa
297 1934 324 1957 et
335 1938 437 1967 aspera,
449 1927 497 1973 ubi
509 1928 588 1967 praeei
611 1927 657 1956 itia
670 1926 826 1966 pendentia,
837 1934 863 1957 et
873 1938 919 1957 ca-

177 1978 277 2003 vernae,
288 1978 341 1997 non
354 1967 510 1997 bominibus
528 1966 565 1996 ad
607 1965 764 1996 abitandum
782 1974 861 2007 aptae,
873 1967 921 1997 sed

176 2007 282 2044 bestiis,
291 2007 339 2036 ubi
349 2007 423 2036 nulla
434 2014 473 2036 est
502 2006 606 2036 lanities
615 2006 651 2035 ad
661 2006 882 2044 requiescendum
892 2007 919 2036 in

177 2058 259 2088 pace,
274 2046 321 2076 sed
334 2046 482 2076 ascensioni
503 2058 534 2076 us
547 2053 573 2076 et
586 2046 803 2076 descensionibus
823 2047 920 2086 plenus

974 1542 1046 1561 niam
1057 1539 1146 1562 autem
1161 1541 1245 1560 unum
1256 1530 1328 1559 diem
1340 1531 1463 1561 viderant
1475 1532 1624 1562 sacerdotes
1638 1534 1719 1563 Chri-

973 1577 1046 1600 stum
1058 1581 1119 1600 cum
1135 1580 1230 1609 magna
1263 1570 1329 1598 loria
1344 1570 1520 1600 introeuntem
1535 1571 1562 1600 in
1574 1573 1716 1612 templum,

974 1609 1010 1638 ita
1023 1617 1052 1639 ut
1065 1609 1183 1650 populus
1207 1580 1327 1647 undique
1348 1620 1414 1639 voce
1431 1611 1551 1648 angelica
1564 1611 1692 1641 clamaret
1708 1625 1714 1641 :

973 1649 1132 1678 Hosianna
1154 1649 1220 1688 filio
1246 1649 1354 1678 David.
1382 1649 1437 1686 Qui
1461 1650 1661 1689 ingrediebatur
1686 1659 1717 1681 ut:

973 1688 1065 1725 homo,
1080 1688 1240 1718 laudabatur
1253 1694 1284 1717 ut
1297 1689 1380 1717 Deus.
1396 1689 1451 1725 Qui
1463 1689 1600 1719 celabatur
1613 1691 1640 1719 in
1655 1701 1715 1720 car-

973 1738 1017 1764 ne,
1032 1727 1266 1758 demonstrabatur
1278 1727 1306 1756 in
1320 1738 1394 1757 voce.
1410 1729 1498 1766 Quem
1511 1729 1614 1758 malitia
1625 1740 1715 1759 sacer—

972 1767 1066 1797 dotum
1079 1767 1156 1807 quasi
1169 1767 1305 1796 hominem
1318 1767 1536 1807 blasphemabat,
1551 1768 1624 1798 hunc
1636 1769 1727 1799 inno-·

972 1808 1058 1837 centia
1065 1807 1241 1848 parvulorum
1250 1806 1326 1845 quasi
1334 1808 1420 1836 Deum
1428 1807 1570 1837 exaltabat.
1577 1809 1715 1845 Quantum

972 1854 1060 1876 autem
1074 1847 1122 1877 ille
1135 1846 1346 1886 glorificabatur,
1361 1853 1465 1876 tantum
1478 1847 1627 1877 sacerdotes
1640 1848 1713 1878 invi-

972 1886 1017 1916 dia
1038 1887 1242 1926 torquebantur,
1257 1893 1284 1915 et
1305 1885 1381 1915 illius
1405 1887 1492 1916 honor
1505 1886 1561 1916 illis
1583 1887 1664 1916 fiebat
1686 1888 1713 1917 in

972 1933 1144 1956 tormentum.
1159 1926 1204 1956 Sic
1223 1926 1295 1954 enim
1315 1932 1354 1954 est
1367 1936 1419 1962 res,
1435 1933 1465 1955 ut
1478 1926 1586 1965 quando
1607 1927 1671 1955 boni
1685 1928 1714 1956 in

972 1976 1020 1995 sua
1039 1966 1139 1995 virtute
1153 1964 1309 2003 laudantur,
1321 1965 1387 1994 mali
1401 1973 1491 1995 autem
1506 1966 1533 1994 in
1550 1977 1598 1995 sua
1610 1966 1714 1996 invidia

971 2003 1137 2035 cruciantur.
1152 2006 1246 2043 Itaque
1263 2015 1316 2034 non
1337 2005 1491 2035 sufferentes
1505 2005 1532 2034 in
1546 2012 1651 2045 pectore
1664 2016 1714 2035 suo

971 2044 1082 2075 invidiae
1095 2044 1258 2075 stimulantis
1271 2045 1392 2074 ardorem
1401 2067 1409 2081 ‚
1422 2052 1602 2084 prorumpunt
1615 2045 1643 2074 in
1663 2056 1712 2075 vo-

175 2094 228 2117 est.
240 2087 411 2125 Quicumque
430 2086 501 2116 enim
522 2086 632 2116 diabolo
649 2093 729 2121 stant,
743 2086 809 2115 alias
828 2096 919 2116 ascen·
935 2096 955 2119 1)
972 2095 1029 2114 cem
1045 2097 1053 2114 ς
1070 2087 1107 2114 In
1130 2095 1190 2124 qua
1208 2091 1350 2124 potestate
1371 2084 1542 2125 haecsacis?
1555 2086 1580 2114 Ο
1593 2084 1711 2122 invidia,

177 2127 258 2164 dunt,
272 2126 340 2156 alias
352 2125 528 2156 descendunt.
542 2126 599 2163 Qui
611 2136 688 2155 mons
701 2132 741 2155 est
754 2125 854 2163 dictus,
867 2136 920 2155 uon

176 2173 286 2207 propter
299 2165 469 2195 altitudinem
482 2165 629 2205 dignitatis,
640 2166 709 2196 sicut
722 2165 809 2204 angeli
822 2165 930 2203 sancti,-

176 2205 225 2235 sed
236 2212 345 2246 propter
353 2205 518 2234 inflationem
527 2206 676 2245 superbiae3
688 2215 740 2234 non
751 2211 860 2244 propter
868 2205 918 2234 fir-

177 2245 297 2274 mitatem
308 2245 428 2279 virtutis,
436 2245 482 2274 sed
493 2252 605 2285 propter
615 2244 781 2274 immobilem
791 2251 818 2273 et
828 2244 917 2274 incor—

177 2284 313 2323 rigibilem
322 2283 453 2312 malitiam
463 2294 551 2313 suam.
563 2285 648 2313 Istum
662 2290 777 2313 montem
789 2283 875 2312 tollite
885 2283 920 2313 de

176 2324 267 2353 medio
282 2330 445 2358 sanctorum,
455 2323 503 2352 ubi
514 2323 591 2358 fides,
602 2324 649 2352 ubi
669 2333 740 2362 spes,
753 2323 799 2351 ubi
811 2323 917 2360 caritas,

177 2363 225 2393 ubi
245 2363 368 2403 planities
385 2361 468 2401 pacis,
482 2362 530 2391 ubi
544 2363 655 2402 speciosi
668 2362 753 2391 sontes
768 2361 919 2399 doctorum,

178 2403 225 2432 ubi
234 2409 310 2442 prata
319 2401 440 2431 florentia
447 2411 507 2430 rore
515 2402 670 2441 gratiarum,
675 2401 722 2430 ubi
730 2401 852 2431 volucres
859 2412 920 2431 san·

177 2443 225 2478 cti,
237 2441 344 2471 assidue
353 2447 493 2470 vernantes
503 2441 626 2470 cantibus
635 2440 776 2470 delectant.
788 2442 817 2470 E
819 2448 828 2470 t
839 2443 920 2470 mitte

179 2487 208 2510 te
217 2483 250 2510 in
262 2491 343 2510 mare
356 2492 366 2509 .-
380 2480 409 2509 id
423 2487 472 2517 est,
487 2483 515 2509 in
531 2480 612 2510 istum
625 2479 772 2513 mundum.
785 2480 831 2509 ubi
845 2491 920 2520 aquae

179 2527 242 2550 sunt
265 2521 352 2556 salsae,
365 2527 392 2550 et
405 2530 457 2549 non
471 2519 642 2559 procedentes
665 2519 701 2548 ad
723 2529 813 2557 usum,
828 2520 857 2549 id
869 2528 919 2557 est,

180 2560 275 2599 populi
288 2560 385 2598 iniqui,
401 2569 453 2589 non
485 2559 634 2589 roficientes
645 2558 679 2588 ad
694 2559 807 2598 gloriam
819 2560 879 2597 Dei,
894 2560 921 2589 in

179 2609 248 2638 quos
258 2599 348 2628 omnia
355 2599 446 2628 dulcia
479 2599 570 2627 umina
583 2599 766 2638 spiritualium
774 2599 922 2639 gratiarum

180 2645 302 2675 currunt,
314 2645 340 2667 et
351 2638 495 2668 salsitatem
508 2648 601 2668 eorum
614 2645 718 2668 mutare
731 2645 782 2669 non
797 2646 919 2679 possunt;

972 2135 1031 2162 quae
1048 2124 1101 2153 sibi
1123 2135 1228 2169 semper
1240 2131 1280 2153 est
1303 2123 1428 2153 inimica!
1445 2125 1514 2154 Nam
1528 2124 1575 2163 qui
1597 2124 1711 2159 invidet,

972 2164 1024 2193 sibi
1048 2163 1157 2202 quidem
1179 2163 1361 2203 ignominiam·
1380 2163 1458 2200 facit,
1482 2164 1524 2202 illi
1549 2171 1654 2200 autem,
1670 2164 1713 2192 cui

970 2203 1085 2240 invidet,
1102 2203 1215 2243 gloriam
1228 2210 1315 2243 parat.
1330 2204 1391 2243 Ipse
1401 2203 1590 2243 vituperabilis
1606 2203 1714 2232 inveni—

972 2249 1018 2272 tur
1030 2242 1064 2271 de
1076 2253 1124 2272 sua
1145 2243 1258 2278 invidia,
1273 2243 1320 2272 ille
1334 2249 1423 2271 autem
1446 2242 1590 2271 laudabilis
1604 2241 1711 2270 demon-

972 2289 1071 2312 stratur
1080 2282 1115 2311 de
1123 2293 1172 2312 sua
1181 2282 1290 2312 virtute.
1302 2282 1374 2320 Ergo
1384 2281 1486 2311 invidia
1496 2281 1548 2310 sibi
1559 2281 1609 2309 soli
1619 2281 1714 2310 nociva

972 2329 1033 2351 est:
1047 2322 1162 2351 alterum
1185 2329 1274 2351 autem
1299 2331 1350 2350 non
1375 2321 1463 2349 solum
1482 2331 1534 2348 non
1549 2326 1651 2359 gravat,
1667 2319 1713 2348 sed

973 2361 1061 2391 adhuc
1075 2363 1159 2401 magis
1173 2361 1349 2391 commendat.
1367 2361 1508 2390 Venerunt
1527 2369 1591 2397 ergo
1605 2358 1639 2386 ad
1653 2369 1714 2387 eum

973 2402 1049 2440 quasi
1064 2401 1100 2430 ad
1112 2408 1262 2441 peccantem
1277 2400 1303 2429 in
1318 2399 1429 2438 templo,
1444 2405 1469 2426 et
1483 2398 1549 2426 dum
1571 2407 1622 2425 non
1637 2397 1715 2427 inve-

973 2441 1052 2471 niunt
1066 2441 1183 2481 culpam,
1198 2439 1374 2469 criminantur
1387 2437 1561 2471 beneficium,
1574 2436 1690 2466 dicentes
1704 2449 1712 2466 ε

974 2483 1011 2509 In
1038 2491 1098 2521 qua
1121 2485 1264 2519 potestate
1277 2478 1363 2518 sacis
1388 2477 1470 2505 haec?
1489 2477 1596 2515 Corpus
1621 2486 1716 2505 sanum

974 2520 1135 2560 aliquotiens
1158 2517 1315 2558 percutitur,
1327 2522 1353 2544 ct
1366 2525 1418 2544 non
1438 2515 1516 2544 facile
1533 2515 1690 2544 vulneratur
1707 2528 1713 2543 z

975 2570 1072 2599 corpus
1084 2565 1174 2587 autem
1186 2556 1276 2585 debile
1287 2556 1320 2584 ab
1335 2555 1407 2583 intus
1422 2554 1528 2583 tacitam
1543 2554 1622 2583 habet
1637 2554 1716 2584 laesu-

975 2610 1044 2634 ram,
1057 2597 1158 2627 etiamsi
1173 2595 1276 2624 modice
1290 2600 1387 2623 tactum
1400 2594 1491 2630 fuerit,
1508 2593 1587 2623 citius
1600 2594 1717 2634 dissipa-

977 2645 1030 2667 tur.
1048 2638 1092 2667 Sic
1107 2635 1205 2665 animal
1227 2634 1341 2663 liberum
1361 2639 1387 2662 et
1409 2633 1543 2672 integrum
1567 2643 1618 2662 non
1641 2633 1718 2663 facile

1502 2672 1551 2701 58.
