1904 2840
231 186 299 235 776

824 173 912 218 bPUS
938 193 1176 217 llum-:umerum

79 267 132 289 Act.
148 273 167 288 1.
179 265 201 288 5.
229 263 251 291 J
253 258 485 299 oannesquidem
493 258 652 297 baptizavit
664 259 698 286 in
704 267 794 297 aqua,
806 267 861 286 ‘vos
870 262 968 286 autem
985 258 1006 282 Δ
1020 266 1092 294 >aqua
1100 256 1202 292 lavare,
1214 255 1347 295 numquid
1355 254 1499 294 aliquando
1509 255 1677 286 mundatur?
1689 257 1762 295 Non,

163 355 219 372 XMV

81 421 181 450 Emit.
194 422 218 449 4.

81 580 149 601 Psal.
165 578 204 601 65.

84 616 119 631 ιο.

81 661 142 683 Ibid.
153 669 175 682 v.
186 667 221 683 ια.

80 743 93 768 †
115 742 143 764 al.
162 749 223 764 com-

83 774 181 795 bustum.

84 857 138 878 Luc.
145 856 223 879 1250.

82 981 175 1004 Rom.6.
185 989 207 1011 7.

83 1020 96 1044 †
116 1018 224 1047 vivfflca-

84 1053 129 1070 Ins.

103 1925 227 1954 Baptismus

85 1957 221 1984 signaculum

85 1987 144 2008 fidei.

82 2271 222 2303 Rom.8.14.

231 303 262 330 in
272 301 380 339 Spiritu
393 304 495 328 sancto
509 298 739 336 baptizabimini.
754 297 889 333 Quartum
904 306 969 326 vero

230 340 257 369 in
271 340 343 378 igne,
358 337 432 377 quod
449 344 489 367 est
502 337 612 366 tentatio
633 347 756 382 praesens.
770 336 906 373 Quoniam
919 346 969 364 au-

230 386 282 408 tem
291 378 461 418 baptizantur
467 377 588 406 homines
596 382 625 405 et
634 387 662 405 in
671 376 743 415 igne,
751 376 824 406 testis
835 382 874 404 est
882 375 971 404 Domi-

230 429 281 447 nus
292 429 340 457 per
352 417 478 447 Esaiam:
496 417 538 445 Et
553 416 699 454 miseram,
715 415 814 455 inquit,
828 414 928 444 sordes
930 415 972 454 fi-

231 458 339 487 lior-um
356 457 450 486 Isra'e'l
470 457 508 485 de
529 450 622 486 medio
633 466 743 490 corum,
758 461 785 484 et
802 456 972 494 sanguinem

232 508 331 527 eorum
345 497 493 525 mundabo
515 498 545 524 in
564 497 666 535 spiritu
683 495 801 535 judicii,
817 500 846 522 et
869 495 973 539 spiritu

232 537 438 566 combustionis
449 541 478 565 et
495 535 616 565 ardoris.
632 536 832 573 Consequenter
843 543 916 562 enim
935 533 974 562 ait

232 576 382 616 propheta:
406 575 554 614 Quoniam
571 576 702 614 probasti
720 584 773 603 nos
797 576 886 610 Deus,
907 575 975 612 igne

233 626 286 645 nos
297 615 482 650 examinasti,
502 617 577 644 sicut
590 616 600 643 ι’
620 624 656 643 ne
672 616 859 643 examinatur
872 622 974 652 argeti·

234 662 304 684 tum.
321 655 357 684 Et
380 653 551 694 postmodum
568 665 574 682 :
593 625 793 683 firansivimus
810 662 863 691 per·
878 654 974 692 ignem

233 701 261 723 et
271 705 390 734 aquam,
400 700 429 722 et
437 694 579 723 induxisti
589 703 642 723 nos
654 695 686 722 in
697 693 886 733 refrigerium.
899 691 975 721 Sicut

233 734 303 764 enim
315 744 412 763 aurum
423 733 466 763 vel
481 733 650 772 argentum-l·
668 732 814 762 combustis
827 731 854 760 in
869 731 974 761 fornace

233 773 357 803 sordibus
371 773 486 809 colatur,
501 773 539 802 sic
560 773 640 802 hoino
658 774 685 802 in
706 771 839 801 lbrnacem
851 770 973 800 tentatio-

233 814 274 842 nis
288 813 397 849 missus,
413 812 542 852 depositis
555 812 669 852 peccatis
687 811 874 840 sanctificatur.
885 810 973 847 Quin-

1023 295 1070 325 sed
1091 295 1175 334 magis
1200 302 1332 325 commoto
1353 295 1431 331 luto,
1458 296 1574 335 amplius
1597 295 1760 326 sordidatur.

1022 335 1076 364 Ille
1089 334 1160 364 enim
1175 334 1329 372 mundatur,
1337 335 1373 364 ‘in
1387 346 1440 374 quo
1453 342 1493 364 est
1506 335 1611 374 aliquid
1617 335 1693 371 boni,
1708 346 1763 375 quo

1023 374 1193 403 emundetur.
1216 376 1256 404 Ut
1277 381 1341 419 puta
1360 374 1550 412 bonushomo,
1565 375 1587 404 si
1611 375 1763 406 carnalibus

1024 413 1099 443 vitiis
1110 413 1191 442 fuerit
1212 413 1375 451 sordidatus,
1390 421 1518 451 tentatur,
1531 421 1563 443 ut
1576 414 1647 444 illud
1661 415 1764 445 bonum

1023 454 1081 493 ejus
1093 453 1247 482 mundetur.
1262 455 1293 483 In
1316 454 1365 483 illo
1383 460 1473 483 autem
1496 453 1564 492 quid
1577 454 1764 485 mundandum

1023 499 1062 521 est
1085 492 1112 522 in
1125 503 1179 532 quo
1198 493 1267 522 nihil
1281 500 1320 522 est
1340 493 1425 522 boni?
1438 493 1592 523 Secundum
1614 494 1665 524 hoc
1679 516 1686 529 ‚
1702 505 1765 523 eum

1023 531 1126 562 videris
1149 532 1267 571 aliquem
1291 543 1448 572 perversum
1480 533 1665 563 Christianum
1684 543 1766 563 num-

1023 581 1105 609 quam
1119 571 1229 609 tristari,
1253 579 1300 602 aut
1319 572 1466 612 periclitari
1482 583 1489 600 ε
1504 582 1567 601 cum
1589 572 1689 603 videris
1709 573 1764 602 hae-

1024 610 1137 641 reticum
1160 621 1308 650 numquam
1334 612 1567 652 persequutionem
1589 613 1767 642 tentationum

1044 650 1091 686 ati,
1113 651 1169 680 noli
1183 651 1340 681 scandalum
1353 651 1407 691 pati
1424 663 1431 680 t
1452 662 1501 682 nec
1520 651 1606 689 dicas,
1623 652 1766 689 Quomodo

1024 660 1141 720 haeretici
1197 692 1381 730 rsequutiones
1395 701 1541 730 numquam
1551 692 1706 737 patiuntur,
1719 691 1768 720 sed

1024 730 1154 769 semperfl
1174 731 1248 760 eles?
1262 730 1397 769 quomodo
1410 731 1475 760 mali
1486 731 1607 760 homines
1619 741 1767 770 numquam

1023 770 1209 808 periclitantur
1222 791 1231 806 ,
1251 770 1298 799 sed
1320 781 1426 810 semper
1447 771 1530 800 boni?
1543 769 1616 801 Scito
1638 771 1766 811 quoniam

1024 809 1072 847 qui
1094 809 1146 838 filii
1159 810 1211 839 Dei
1235 817 1307 846 sunt,
1325 810 1354 839 hi
1374 810 1559 840 tantummodo
1572 810 1600 839 in
1613 809 1766 840 tentationis

232 860 290 882 tuin
305 853 332 881 in
351 859 446 888 morte,
461 858 530 881 sicut
544 852 601 891 ipse
620 851 726 880 dicebat
739 864 745 879 ι
758 852 908 889 Baptismo
922 850 974 878 ha·
989 856 1007 879 Β
1022 847 1210 888 baptizanturi
1249 861 1273 880 e.
1290 849 1388 879 Veniat
1409 850 1459 879 tibi
1479 851 1507 879 in
1524 855 1639 879 mentem
1650 850 1727 889 quod
1740 856 1766 879 te

234 895 286 921 beo
298 893 452 930 baptizari,
464 898 492 921 et
513 892 657 930 quomodo
677 892 779 920 turbor
794 900 886 930 usque
903 889 974 919 dum

231 933 421 971 perficiatur?
438 934 449 947 ¹
467 930 602 967 Quoniam
625 937 712 959 autem
737 935 874 969 peccatum
897 935 923 958 et
945 928 973 957 in

235 979 318 1000 morte
338 970 493 1006 remittitur,
511 970 588 999 docet
609 970 757 1009 apostolus,
778 968 892 997 dicens:
916 969 976 1007 Qui

235 1013 311 1040 enim
324 1017 454 1039 mortuus
467 1016 521 1046 est,
536 1010 558 1048 †
568 1010 746 1050 justificatus
758 1014 800 1037 est
813 1018 833 1037 a
840 1014 971 1052 peccalo.

234 1051 320 1087 Quale
337 1057 426 1079 autem
443 1056 579 1089 peceatum
595 1050 623 1078 in
642 1056 726 1078 morte
748 1048 903 1084 remittitur,
924 1047 974 1077 scit

233 1090 281 1127 qui
293 1089 418 1128 intelligit
425 1100 473 1128 pro
481 1089 555 1127 quali
564 1096 669 1128 peccato
681 1087 831 1118 introducta
841 1094 881 1116 est
889 1098 972 1117 mors.

233 1130 303 1158 Nam
314 1130 337 1159 si
350 1135 459 1168 propter
471 1135 609 1168 peccatum
622 1128 736 1157 moritur
750 1128 841 1163 homo,
853 1127 910 1156 sine
919 1127 974 1156 du—

233 1168 279 1197 bio
289 1169 403 1198 solvitur
416 1175 525 1212 propter
537 1167 610 1206 quod
622 1169 746 1196 moritur.
761 1166 825 1196 Ideo
843 1167 974 1196 Dominus

234 1215 375 1246 postquam
400 1207 548 1246 baptizatus
562 1213 600 1236 est
619 1207 646 1235 in
663 1207 757 1241 verbo,
768 1207 853 1235 faetus
871 1213 911 1235 est
923 1207 975 1236 sub

235 1247 304 1285 lege.
321 1249 343 1275 Α
366 1247 468 1275 Joanue
492 1252 579 1275 autem
604 1246 630 1274 in
644 1256 724 1284 aqua,
738 1256 753 1273 a
767 1246 844 1274 Patre
869 1256 934 1275 vero
947 1246 975 1275 in

235 1285 338 1325 Spiritu
354 1296 361 1312 :
377 1295 447 1314 nunc
465 1295 480 1313 a
501 1285 603 1324 Spiritu
619 1285 728 1314 ducitur
741 1284 768 1313 in
789 1284 935 1320 desertum,
946 1292 976 1314 ut

235 1325 383 1364 baptizetur
396 1324 424 1352 in
446 1324 507 1363 igne
520 1324 681 1359 tentationis,
696 1323 866 1363 postmodum
884 1324 976 1363 bapti—

235 1364 336 1392 zandus
349 1365 373 1392 in
394 1370 488 1392 morte.
507 1366 573 1402 Age,
593 1373 664 1392 nunc
686 1362 826 1392 videamus
839 1362 973 1401 quisunt,

235 1404 282 1442 qui
294 1404 462 1442 baptizantur
475 1403 503 1431 in
524 1403 596 1442 igne,
611 1410 636 1432 et
648 1401 755 1441 quando
766 1402 935 1441 baptizantur
948 1403 975 1430 in

235 1443 306 1481 igne.
319 1444 358 1472 Ut
369 1449 456 1471 autem
467 1442 592 1478 sciamus,
602 1441 751 1471 videndum
762 1442 840 1470 nobis
850 1448 899 1478 est,
909 1441 976 1480 quid
991 1445 1010 1469 C
1026 1448 1133 1471 sanctus
1155 1442 1224 1481 fugit

234 1482 353 1521 estquod
364 1481 440 1515 dicit,
453 1482 533 1511 Tunc
540 1482 644 1511 ductus
653 1488 705 1510 est.
714 1480 849 1518 Quando?
860 1481 976 1518 Quando

234 1523 313 1551 Pater
323 1521 451 1550 clamavit
460 1521 494 1550 de
508 1521 572 1549 caelo
586 1532 594 1548 .·
608 1523 666 1550 Hic
677 1527 720 1549 est
730 1521 827 1549 Filius
841 1524 920 1549 meu's
931 1522 975 1549 di-

236 1554 337 1597 lectus,
351 1563 381 1589 in
393 1571 450 1599 quo
461 1561 637 1598 complacui.
654 1560 739 1589 Vides
747 1570 812 1604 ergo
824 1559 888 1598 quia
899 1570 975 1590 nemo

234 1601 384 1640 baptizatur
394 1600 420 1628 in
435 1599 664 1639 ignetentationis‚
673 1599 725 1628 nisi
739 1610 787 1638 qui
797 1599 882 1628 factus
894 1599 976 1628 fuerit

234 1639 308 1669 filius
318 1640 367 1668 Dei
374 1640 388 1668 9
401 1639 536 1676 Quamdiu
546 1640 617 1668 enim
627 1639 830 1668 catechumenus
837 1645 875 1668 est
883 1639 976 1676 homo,

235 1679 355 1708 nondum
369 1679 538 1708 abrenuntiat
547 1678 667 1715 diabolo,
675 1685 700 1707 et
710 1678 836 1707 omnibns
849 1678 976 1718 operibus

235 1719 293 1758 ejus
306 1719 422 1759 plenius.
441 1718 595 1758 B-zptizatus
608 1725 696 1747 autem
710 1718 817 1747 Christo
832 1728 860 1747 se
882 1718 974 1755 tradit,

235 1758 326 1788 dicens
343 1769 350 1784 z
369 1758 535 1787 Abrenuntio
549 1765 655 1794 satanae,
670 1764 695 1786 et
715 1757 839 1786 omnibus
850 1758 976 1797 operibus

235 1799 303 1837 ejus.
317 1797 382 1826 Ideo
395 1797 582 1828 catechumeno
605 1797 630 1826 ei
644 1797 799 1832 constituto,
813 1799 889 1835 quasi
914 1807 973 1834 suo,

235 1837 322 1876 parcit
335 1837 424 1866 adhuc
439 1846 447 1863 ε
459 1843 519 1876 post
531 1836 692 1876 baptismum
706 1843 806 1871 autem,
820 1837 898 1875 quasi
907 1837 975 1866 alie-

236 1887 300 1905 num
314 1877 424 1912 factum,
439 1882 493 1904 tota
505 1876 606 1905 virtute
617 1882 721 1904 satanas
733 1876 911 1915 persequitur.
926 1876 975 1905 Ba-

236 1916 365 1955 ptismum
387 1922 475 1944 autem
493 1914 663 1954 signaculum
686 1914 750 1943 fidei
769 1922 817 1944 est.
833 1915 976 1954 Numquid

237 1955 313 1983 miles
330 1961 388 1994 post
398 1954 524 1983 militiam
540 1954 659 1993 signatur
673 1955 764 1993 utjam
777 1954 876 1990 sedeat,
891 1962 916 1983 et
930 1966 976 1984 re-

235 1994 376 2032 quiescat?
389 1993 443 2023 Sed
456 1993 541 2032 magis
551 2000 611 2022 ante
622 1993 757 2029 militiam,
767 2000 796 2021 ut
805 1994 974 2033 postmodum

1023 887 1116 918 docuit
1127 897 1219 928 aposto
1233 901 1264 920 us
1284 884 1384 919 Pa'ulus
1404 889 1497 919 dicens
1511 901 1518 918 ε
1533 891 1575 919 Et
1588 901 1697 927 omnes,
1711 900 1764 920 νο-

1024 928 1116 956 lentes
1133 929 1180 966 pie
1202 930 1300 958 vivere
1313 931 1345 957 in
1365 930 1490 965 Christo,
1511 932 1765 969 persequutionem

1021 968 1182 1005 patiuntur.
1191 967 1259 997 Mali
1271 974 1360 997 autem
1370 968 1492 998 homines
1504 975 1531 998 et
1541 969 1693 1000 seductores
1699 981 1766 1011 pro-

1023 1006 1113 1036 ficient
1123 1007 1150 1036 in
1165 1007 1253 1048 pejus,
1266 1014 1393 1043 errantem,
1408 1014 1435 1037 et
1447 1008 1475 1037 in
1489 1019 1605 1038 errorem
1618 1010 1762 1040 mittentes-

1024 1047 1102 1076 Nunc
1114 1046 1255 1076 videamus
1261 1046 1368 1086 quando
1381 1047 1586 1087 baptizantur-in
1599 1049 1672 1088 igne.
1688 1051 1765 1080 Post-

1024 1096 1105 1124 quam
1117 1087 1198 1116 fuerit
1209 1087 1289 1116 bomo
1310 1087 1344 1116 ba
1365 1087 1460 1116 tizatus
1470 1088 1498 1116 in
1510 1088 1605 1124 verbo,
1618 1089 1765 1119 instructus

1025 1125 1053 1154 in
1067 1125 1130 1162 fide,
1141 1133 1167 1156 et
1206 1133 1326 1165 ostquam
1354 1127 1421 1156 uerit
1431 1127 1580 1168 baptizatus
1593 1128 1621 1157 in
1643 1139 1723 1167 aqna,
1738 1135 1766 1159 et

1025 1172 1166 1233 postquam
1191 1166 1260 1196 uerit
1271 1166 1420 1207 baptizatus
1441 1166 1469 1196 in
1491 1167 1588 1208 spiritu
1605 1180 1612 1197 ε
1630 1167 1657 1196 in
1671 1175 1766 1207 quarto

1037 1215 1084 1235 ooo
1107 1206 1259 1246 baptizatur
1271 1206 1299 1235 in
1326 1206 1397 1246 igne.
1413 1207 1495 1236 Multi
1509 1213 1597 1236 autem
1611 1214 1637 1237 et
1660 1218 1722 1237 cum
1735 1208 1764 1238 in

1025 1255 1093 1283 aqua
1107 1245 1233 1285 baptizati
1245 1246 1356 1282 fuerint,
1367 1257 1419 1276 non
1434 1246 1605 1287 baptizantur
1615 1247 1643 1276 in
1654 1247 1763 1288 spiritu.

1025 1284 1084 1313 Nisi
1098 1285 1170 1314 enim
1190 1286 1252 1324 quis
1266 1293 1326 1316 ante
1344 1286 1507 1326 baptismum
1520 1297 1596 1326 aquae
1618 1287 1658 1316 sic
1678 1286 1765 1328 depo-

1025 1324 1109 1352 suerit
1122 1335 1137 1352 a
1151 1335 1179 1353 se
1190 1331 1276 1354 totum
1289 1325 1416 1365 peccandi
1429 1327 1609 1365 propositum,
1625 1334 1655 1356 ut
1666 1326 1765 1367 dignus

1025 1362 1059 1391 sit
1070 1362 1202 1402 Spiritum
1213 1371 1332 1393 sanctum
1346 1365 1373 1394 in
1393 1365 1525 1404 templum
1534 1366 1581 1394 ‘sui
1599 1366 1688 1395 cordis
1700 1377 1764 1397 sus-

1806 776 1860 798 Filii
1874 778 1904 800 De

1777 807 1904 836 baptisante

1776 840 1798 860 in
1812 842 1904 863 tentatio

1776 872 1809 892 nis
1818 871 1875 899 igne.

1777 908 1799 924 2.
1817 903 1876 925 Tim.
1892 901 1904 925 3

1779 942 1786 958 1
1794 941 1814 957 Ι.

1025 1401 1124 1441 cipere,
1139 1413 1191 1431 non
1215 1403 1365 1471 baptizatur
1383 1404 1410 1433 in
1429 1404 1527 1443 spiritu
1543 1417 1550 1433 ε
1563 1404 1627 1443 quia
1645 1405 1763 1444 Spiritus
1774 1410 1830 1440 Sap·
1846 1416 1865 1432 ι.
1875 1409 1901 1440 4-

1025 1491 1136 1520 corpore
1161 1481 1271 1511 subdito
1293 1483 1407 1522 peccatis
1424 1494 1430 1511 :
1446 1490 1472 1512 et
1495 1482 1556 1512 ideo
1577 1493 1629 1512 non
1643 1483 1675 1512 fit
1691 1484 1765 1514 filius

1025 1521 1083 1550 Dei.
1095 1521 1131 1550 Et
1143 1521 1174 1550 hi
1188 1529 1250 1551 sunt
1262 1522 1322 1561 qui,
1339 1532 1401 1551 cum
1413 1522 1506 1552 tentati
1518 1522 1627 1559 fuerint,
1637 1533 1763 1569 superan-

1026 1567 1072 1589 tur
1093 1567 1119 1590 et
1135 1569 1248 1601 pereunt
1263 1574 1271 1590 :
1295 1561 1422 1591 videntur
1441 1561 1552 1600 quidem
1564 1562 1614 1591 filii
1627 1564 1677 1592 Dei
1690 1564 1764 1600 sacti,

1025 1607 1134 1639 propter
1155 1611 1251 1639 aquam
1271 1601 1456 1641 baptismatis;
1472 1612 1501 1630 re
1518 1612 1581 1632 vera
1598 1609 1688 1631 autem
1712 1613 1766 1633 non

1025 1646 1087 1668 sunt
1098 1639 1148 1669 filii
1163 1641 1224 1677 Dei,
1239 1640 1303 1679 quia
1317 1650 1370 1669 non
1391 1641 1494 1670 suntin
1511 1641 1609 1681 spiritu
1624 1642 1764 1682 baptizati.

1025 1679 1095 1708 Nam
1107 1690 1217 1719 corpore
1227 1679 1336 1718 quidem
1351 1680 1476 1720 baptizati
1489 1688 1562 1715 sunt,
1577 1681 1667 1710 animo
1677 1689 1766 1712 autem

1025 1719 1206 1748 catechumeni
1224 1727 1309 1748 sunt:
1332 1720 1397 1759 quia
1422 1730 1492 1759 aqua
1513 1731 1613 1760 eorpus
1634 1720 1763 1760 baptizat,

1025 1769 1036 1787 s
1058 1758 1135 1788 iritus
1148 1767 1237 1789 autem
1250 1759 1376 1788 animam.
1393 1760 1466 1799 Ergo
1478 1769 1531 1789 non
1542 1760 1631 1789 solum
1640 1760 1764 1791 Christus

1024 1769 1122 1827 dinetus
1139 1806 1178 1828 est
1199 1799 1226 1828 in
1241 1799 1376 1828 desertum
1400 1809 1415 1827 a
1434 1799 1551 1839 Spiritu,
1572 1799 1620 1829 sed
1631 1806 1657 1829 et
1670 1809 1763 1831 omnes

1025 1837 1075 1866 filii
1090 1839 1142 1867 Dei
1156 1838 1283 1867 habentes
1298 1839 1430 1878 Spiritum
1453 1846 1575 1868 sanctum
1593 1839 1732 1869 ducuntur
1745 1851 1762 1870 a

1023 1877 1129 1917 Spiritu
1141 1877 1169 1906 in
1178 1877 1264 1907 desert
1269 1889 1324 1915 um,
1336 1885 1365 1907 ut
1375 1885 1401 1907 et
1409 1878 1460 1918 ipsi
1472 1885 1606 1908 tententur
1617 1889 1635 1908 a
1642 1878 1760 1909 diabolo.

1024 1917 1079 1954 Qui
1093 1917 1164 1946 enim
1175 1917 1274 1947 habent
1287 1918 1413 1963 spiritum
1425 1918 1488 1955 Dei,
1504 1918 1532 1947 hi
1556 1927 1609 1947 non
1622 1925 1684 1947 sunt
1699 1929 1766 1948 eon-

1023 1956 1088 1985 tenti
1112 1956 1204 1985 sedere
1226 1957 1305 1986 otiosi
1321 1957 1387 1986 :sed
1406 1957 1463 1996 ipse
1476 1957 1599 1997 spiritus,
1614 1957 1661 1996 qui
1674 1965 1714 1987 est
1733 1959 1761 1988 in

1023 1997 1071 2031 eis,
1087 2003 1164 2035 urget
1181 2006 1226 2024 eos
1247 1996 1281 2025 ad
1304 1996 1414 2035 aliquod
1425 2007 1494 2036 opus
1507 1996 1762 2036 apprehendendum

236 2033 342 2068 militet,
357 2039 383 2061 et
403 2033 516 2062 laboret.
532 2033 601 2061 Nam
613 2039 640 2061 et
660 2032 757 2061 athleta
767 2040 828 2062 ante
841 2040 973 2062 certamen
990 2039 1009 2062 Ι)
1023 2045 1162 2073 magnum,
1178 2035 1221 2064 cui
1241 2035 1367 2064 diabolus
1381 2035 1547 2071 adversatur,
1563 2036 1611 2072 qui
1623 2043 1661 2065 est
1673 2037 1700 2065 in
1714 2036 1763 2066 de-

235 2072 345 2111 ungitur
372 2072 401 2100 ut
424 2072 540 2100 luctetur
556 2082 562 2098 :
581 2071 619 2101 sic
646 2078 671 2100 et
698 2072 778 2101 homo
801 2073 975 2112 spiritualiter

234 2111 296 2140 ideo
309 2111 368 2140 oleo
378 2110 530 2140 chrismatis
542 2111 662 2149 ungitur,
676 2118 706 2139 ut
719 2118 810 2140 contra
823 2112 973 2149 diabolum,

234 2150 310 2189 quasi
333 2149 481 2190 spiritualis
492 2149 591 2178 athleta
611 2150 736 2179 luctetur.
751 2150 805 2180 Sed
820 2151 897 2190 quid,
910 2152 974 2190 quia

233 2190 314 2219 multi
327 2200 389 2218 cum
402 2189 493 2218 tentati
505 2189 614 2223 suerint,
624 2196 794 2228 superantur,
804 2198 830 2219 et
841 2192 974 2230 pereunt?

233 2229 278 2258 Illi
292 2229 357 2258 tales
371 2239 423 2258 non
440 2239 454 2257 a
474 2228 579 2268 Spiritu
592 2227 728 2258 ducuntur
751 2229 786 2258 ad
804 2230 974 2259 tentationem

233 2268 442 2308 suscipiendam,
457 2278 505 2297 nec
523 2274 586 2297 sunt
597 2267 647 2296 filii
661 2268 712 2296 Dei
728 2280 734 2296 ε
760 2269 906 2306 Quoniam
923 2272 976 2309 qui

233 2308 340 2347 Spiritu
364 2308 422 2336 Dei
443 2313 581 2347 aguntur,
597 2308 631 2335 1ιὶ
640 2313 707 2336 sunt
720 2308 786 2346 filii
807 2309 863 2337 Dei
877 2320 884 2336 :
901 2309 947 2338 sed
958 2320 974 2339 a

232 2347 348 2386 peccatis
361 2347 535 2387 expelluntur
542 2346 670 2391 propriis.
682 2346 736 2382 Qni
748 2353 836 2375 autem
847 2359 861 2376 a
871 2348 975 2387 Spiritu

231 2387 282 2416 Dei
308 2387 444 2416 ducuntur
468 2385 502 2415 ad
516 2392 703 2421 tentationem,
725 2395 777 2414 non
799 2395 969 2426 superantur.

230 2426 308 2455 Servi
334 2433 423 2455 autem
447 2425 551 2455 diaboli
575 2425 605 2454 in
627 2425 688 2470 igne
711 2435 764 2453 non
791 2425 968 2465 baptizantur.

230 2466 341 2501 Quare?
355 2466 426 2502 Quia
438 2475 490 2494 non
501 2471 587 2504 potest
597 2464 656 2494 fieri
667 2471 695 2493 ut
705 2464 834 2504 depositis
847 2466 971 2495 sordibus

229 2505 399 2542 emundetur,
414 2505 461 2543 qui
475 2511 548 2534 totus
562 2510 601 2533 est
615 2503 750 2534 sordidus.
761 2504 852 2543 incipe
861 2505 970 2534 laterem

1023 2081 1103 2103 serto.
1124 2075 1163 2103 Ut
1188 2082 1277 2103 autem
1301 2075 1444 2114 intelligas,
1460 2075 1524 2113 quia
1547 2085 1626 2103 omne
1647 2075 1759 2112 bonum,

1023 2113 1096 2152 quod
1110 2113 1258 2142 secundum
1270 2116 1356 2143 Deum
1372 2114 1473 2143 honum
1487 2121 1536 2150 est,
1552 2114 1579 2142 in
1591 2113 1695 2143 deserto
1705 2122 1761 2144 est:

1022 2153 1161 2182 videamus
1174 2153 1241 2191 quid
1253 2160 1293 2182 est
1305 2153 1451 2182 desertum.
1467 2154 1516 2183 Est
1529 2160 1617 2190 autem
1625 2153 1760 2184 desertum

1022 2192 1170 2222 secundum
1188 2194 1284 2229 Deum,
1295 2200 1320 2222 et
1338 2199 1377 2222 est
1387 2192 1523 2222 desertum
1537 2192 1684 2222 secundum
1704 2194 1764 2224 dia-

1022 2231 1126 2260 bolum.
1150 2233 1252 2261 Natura
1275 2232 1389 2261 carnalis
1413 2232 1510 2262 domus
1531 2232 1633 2262 diaboli
1656 2240 1711 2270 est,
1736 2240 1762 2262 et

1024 2271 1111 2300 omnis
1128 2271 1259 2311 injustitia
1275 2272 1393 2311 epulatio
1407 2271 1492 2311 ipsius
1504 2278 1555 2301 est.
1570 2274 1708 2310 Quantum
1727 2272 1763 2302 ad

1024 2312 1111 2340 Deum
1122 2317 1211 2340 autem
1220 2310 1354 2340 desertum
1366 2318 1416 2347 est,
1429 2312 1556 2350 quoniam
1570 2322 1622 2341 non
1635 2318 1675 2341 est
1691 2313 1718 2341 in
1729 2322 1761 2341 eo

1021 2350 1126 2390 justitia
1149 2350 1210 2379 Dei.
1237 2351 1355 2390 Spiritus
1378 2358 1467 2380 autem
1486 2350 1582 2380 domus
1593 2357 1631 2380 est
1649 2351 1712 2387 Dei,
1735 2357 1761 2380 et

1024 2389 1111 2418 omnis
1126 2389 1226 2418 'ustitia
1246 2391 1305 2430 ejus
1324 2401 1338 2419 e
1358 2390 1442 2419 ulatio
1453 2397 1493 2419 est
1507 2390 1602 2429 ipsius.
1622 2391 1760 2426 Quantum

1024 2428 1058 2457 ad
1076 2428 1120 2457 dja
1158 2429 1215 2458 lum
1229 2436 1318 2458 autem
1357 2436 1471 2458 esertum
1482 2436 1532 2463 est,
1552 2429 1615 2467 qnia
1629 2429 1760 2469 injustitia

1024 2478 1076 2496 non
1090 2475 1128 2497 est
1142 2468 1169 2497 in
1187 2479 1229 2505 eo,
1243 2479 1295 2507 qua
1307 2468 1432 2497 diabolus
1449 2467 1606 2498 delectatur.
1627 2469 1663 2498 Et
1677 2479 1761 2508 quare

1023 2514 1118 2536 natura
1130 2508 1216 2537 carnis
1229 2507 1326 2537 domus
1345 2507 1448 2537 diaboli
1460 2507 1517 2537 est?
1526 2508 1597 2544 Quia
1612 2518 1690 2538 omne
1703 2519 1763 2538 ma-

260 2607 270 2618 ·
289 2599 374 2624 Codex
387 2599 416 2623 V.
436 2599 465 2624 D.
485 2597 612 2633 Quoniam
629 2604 710 2623 autem
724 2598 1005 2633 peccawrjustficatns
1012 2607 1047 2626 est
1065 2611 1081 2626 a
1095 2608 1207 2635 peccalo.
1221 2603 1306 2637 Quale
1318 2609 1401 2627 autem
1411 2597 1466 2633 cic„
1483 2602 1579 2627 omissis
1591 2602 1750 2634 interpos‘tis.

1268 1443 1384 1472 ominem
1396 1444 1500 1477 fictum,
1516 1450 1542 1472 et
1556 1454 1609 1472 nou
1622 1443 1724 1474 habitat
1737 1445 1766 1475 in
1775 1440 1798 1463 ⁵·
